<Date>, <Time>, <Price>, <Volume>
8/8/2022,13:50:30.446,1.01896,50
8/8/2022,13:50:31.505,1.01895,1
8/8/2022,13:50:33.619,1.01900,100
8/8/2022,13:50:36.793,1.01901,100
8/8/2022,13:50:37.851,1.01901,200
8/8/2022,13:50:38.910,1.01904,200
8/8/2022,13:50:39.969,1.01905,200
8/8/2022,13:50:42.087,1.01908,100
8/8/2022,13:50:43.144,1.01908,150
8/8/2022,13:50:44.203,1.01909,200
8/8/2022,13:50:45.262,1.01910,100
8/8/2022,13:50:46.321,1.01912,100
8/8/2022,13:50:47.379,1.01915,50
8/8/2022,13:50:49.497,1.01914,50
8/8/2022,13:50:52.673,1.01917,100
8/8/2022,13:50:53.732,1.01918,50
8/8/2022,13:50:57.967,1.01920,30
8/8/2022,13:50:59.025,1.01921,180
8/8/2022,13:51:00.083,1.01923,30
8/8/2022,13:51:03.255,1.01919,50
8/8/2022,13:51:06.432,1.01914,6
8/8/2022,13:51:07.491,1.01914,156
8/8/2022,13:51:08.550,1.01914,56
8/8/2022,13:51:10.667,1.01914,6
8/8/2022,13:51:11.726,1.01915,100
8/8/2022,13:51:12.784,1.01914,106
8/8/2022,13:51:15.960,1.01915,100
8/8/2022,13:51:17.019,1.01918,50
8/8/2022,13:51:20.194,1.01919,200
8/8/2022,13:51:21.253,1.01918,50
8/8/2022,13:51:25.486,1.01919,50
8/8/2022,13:51:27.604,1.01918,50
8/8/2022,13:51:31.839,1.01919,50
8/8/2022,13:51:32.897,1.01918,50
8/8/2022,13:51:33.956,1.01919,50
8/8/2022,13:51:36.073,1.01919,100
8/8/2022,13:51:37.130,1.01918,302
8/8/2022,13:51:38.188,1.01919,150
8/8/2022,13:51:39.247,1.01919,100
8/8/2022,13:51:42.419,1.01918,2
8/8/2022,13:51:44.534,1.01926,50
8/8/2022,13:51:47.707,1.01927,50
8/8/2022,13:51:48.764,1.01927,100
8/8/2022,13:51:49.821,1.01928,50
8/8/2022,13:51:55.108,1.01934,50
8/8/2022,13:51:56.165,1.01933,50
8/8/2022,13:51:59.337,1.01934,50
8/8/2022,13:52:00.395,1.01929,50
8/8/2022,13:52:01.454,1.01928,50
8/8/2022,13:52:05.687,1.01929,50
8/8/2022,13:52:06.745,1.01930,40
8/8/2022,13:52:07.127,1.01930,39
8/8/2022,13:52:07.803,1.01931,40
8/8/2022,13:52:08.860,1.01926,8
8/8/2022,13:52:09.688,1.01926,7
8/8/2022,13:52:09.918,1.01925,301
8/8/2022,13:52:10.977,1.01926,50
8/8/2022,13:52:12.035,1.01925,300
8/8/2022,13:52:16.270,1.01926,100
8/8/2022,13:52:17.329,1.01925,300
8/8/2022,13:52:19.446,1.01924,100
8/8/2022,13:52:20.504,1.01926,100
8/8/2022,13:52:21.563,1.01924,250
8/8/2022,13:52:22.621,1.01925,200
8/8/2022,13:52:24.737,1.01929,200
8/8/2022,13:52:25.797,1.01929,150
8/8/2022,13:52:26.856,1.01927,150
8/8/2022,13:52:30.032,1.01927,300
8/8/2022,13:52:31.087,1.01927,200
8/8/2022,13:52:32.145,1.01926,3
8/8/2022,13:52:33.202,1.01925,150
8/8/2022,13:52:34.260,1.01925,100
8/8/2022,13:52:37.435,1.01927,100
8/8/2022,13:52:40.610,1.01925,200
8/8/2022,13:52:42.727,1.01924,103
8/8/2022,13:52:43.783,1.01927,100
8/8/2022,13:52:45.897,1.01920,16
8/8/2022,13:52:46.954,1.01922,50
8/8/2022,13:52:48.010,1.01927,150
8/8/2022,13:52:51.180,1.01927,50
8/8/2022,13:52:54.351,1.01932,100
8/8/2022,13:52:55.408,1.01931,200
8/8/2022,13:52:56.464,1.01932,200
8/8/2022,13:52:57.520,1.01930,100
8/8/2022,13:52:58.577,1.01929,200
8/8/2022,13:52:59.634,1.01931,200
8/8/2022,13:53:01.748,1.01930,200
8/8/2022,13:53:02.805,1.01935,100
8/8/2022,13:53:03.862,1.01937,100
8/8/2022,13:53:05.975,1.01938,50
8/8/2022,13:53:12.313,1.01943,199
8/8/2022,13:53:13.369,1.01945,50
8/8/2022,13:53:14.426,1.01947,50
8/8/2022,13:53:19.706,1.01945,150
8/8/2022,13:53:20.763,1.01944,150
8/8/2022,13:53:21.820,1.01942,50
8/8/2022,13:53:22.877,1.01943,200
8/8/2022,13:53:23.934,1.01939,5
8/8/2022,13:53:24.991,1.01935,50
8/8/2022,13:53:26.048,1.01938,150
8/8/2022,13:53:29.217,1.01937,200
8/8/2022,13:53:30.272,1.01936,200
8/8/2022,13:53:31.328,1.01933,150
8/8/2022,13:53:32.385,1.01950,50
8/8/2022,13:53:33.442,1.01945,150
8/8/2022,13:53:34.498,1.01943,250
8/8/2022,13:53:35.554,1.01942,50
8/8/2022,13:53:36.610,1.01940,250
8/8/2022,13:53:37.667,1.01939,150
8/8/2022,13:53:39.780,1.01938,100
8/8/2022,13:53:40.837,1.01938,150
8/8/2022,13:53:44.004,1.01936,100
8/8/2022,13:53:45.059,1.01936,200
8/8/2022,13:53:46.115,1.01937,200
8/8/2022,13:53:47.172,1.01938,200
8/8/2022,13:53:48.228,1.01938,100
8/8/2022,13:53:54.566,1.01934,150
8/8/2022,13:53:55.622,1.01934,250
8/8/2022,13:53:56.678,1.01932,150
8/8/2022,13:53:57.734,1.01932,100
8/8/2022,13:53:58.790,1.01932,200
8/8/2022,13:54:00.906,1.01932,150
8/8/2022,13:54:01.964,1.01931,200
8/8/2022,13:54:03.022,1.01931,100
8/8/2022,13:54:04.080,1.01931,200
8/8/2022,13:54:05.138,1.01931,100
8/8/2022,13:54:06.196,1.01934,150
8/8/2022,13:54:07.254,1.01934,250
8/8/2022,13:54:08.312,1.01933,200
8/8/2022,13:54:12.907,1.01933,199
8/8/2022,13:54:13.605,1.01929,200
8/8/2022,13:54:14.664,1.01928,150
8/8/2022,13:54:15.723,1.01929,150
8/8/2022,13:54:16.782,1.01930,300
8/8/2022,13:54:17.840,1.01932,200
8/8/2022,13:54:18.899,1.01927,50
8/8/2022,13:54:19.958,1.01933,150
8/8/2022,13:54:21.016,1.01931,250
8/8/2022,13:54:22.073,1.01929,200
8/8/2022,13:54:25.248,1.01934,100
8/8/2022,13:54:26.307,1.01933,300
8/8/2022,13:54:27.365,1.01931,150
8/8/2022,13:54:28.424,1.01929,100
8/8/2022,13:54:29.483,1.01931,150
8/8/2022,13:54:30.541,1.01929,200
8/8/2022,13:54:32.657,1.01927,100
8/8/2022,13:54:33.716,1.01928,150
8/8/2022,13:54:34.775,1.01926,150
8/8/2022,13:54:35.834,1.01928,200
8/8/2022,13:54:36.893,1.01929,150
8/8/2022,13:54:37.951,1.01926,150
8/8/2022,13:54:40.068,1.01927,150
8/8/2022,13:54:45.357,1.01925,200
8/8/2022,13:54:46.415,1.01926,150
8/8/2022,13:54:51.703,1.01925,200
8/8/2022,13:54:56.991,1.01933,150
8/8/2022,13:54:58.050,1.01932,250
8/8/2022,13:54:59.108,1.01935,100
8/8/2022,13:55:01.224,1.01939,150
8/8/2022,13:55:02.281,1.01933,150
8/8/2022,13:55:03.339,1.01933,300
8/8/2022,13:55:04.397,1.01934,200
8/8/2022,13:55:05.454,1.01936,200
8/8/2022,13:55:06.511,1.01937,100
8/8/2022,13:55:07.568,1.01937,200
8/8/2022,13:55:08.624,1.01942,150
8/8/2022,13:55:09.681,1.01940,100
8/8/2022,13:55:11.794,1.01941,150
8/8/2022,13:55:12.851,1.01944,250
8/8/2022,13:55:13.907,1.01944,200
8/8/2022,13:55:16.020,1.01944,150
8/8/2022,13:55:21.301,1.01944,50
8/8/2022,13:55:23.417,1.01944,150
8/8/2022,13:55:24.475,1.01944,50
8/8/2022,13:55:28.707,1.01945,200
8/8/2022,13:55:29.766,1.01948,100
8/8/2022,13:55:30.824,1.01952,100
8/8/2022,13:55:31.884,1.01953,200
8/8/2022,13:55:32.942,1.01957,200
8/8/2022,13:55:34.001,1.01955,100
8/8/2022,13:55:35.060,1.01952,200
8/8/2022,13:55:36.118,1.01955,100
8/8/2022,13:55:37.177,1.01954,200
8/8/2022,13:55:38.235,1.01955,100
8/8/2022,13:55:39.294,1.01956,200
8/8/2022,13:55:40.352,1.01956,100
8/8/2022,13:55:43.527,1.01960,200
8/8/2022,13:55:46.701,1.01961,100
8/8/2022,13:55:48.817,1.01967,100
8/8/2022,13:55:49.875,1.01967,50
8/8/2022,13:55:54.106,1.01960,50
8/8/2022,13:55:55.165,1.01967,50
8/8/2022,13:55:56.224,1.01969,50
8/8/2022,13:55:58.341,1.01975,50
8/8/2022,13:56:02.575,1.01972,50
8/8/2022,13:56:04.693,1.01969,50
8/8/2022,13:56:07.866,1.01964,250
8/8/2022,13:56:11.041,1.01965,100
8/8/2022,13:56:12.099,1.01969,300
8/8/2022,13:56:13.156,1.01971,50
8/8/2022,13:56:14.213,1.01970,50
8/8/2022,13:56:17.385,1.01972,50
8/8/2022,13:56:26.901,1.01971,50
8/8/2022,13:56:29.018,1.01970,100
8/8/2022,13:56:30.076,1.01970,50
8/8/2022,13:56:31.135,1.01968,13
8/8/2022,13:56:32.192,1.01966,13
8/8/2022,13:56:34.309,1.01968,50
8/8/2022,13:56:36.426,1.01967,100
8/8/2022,13:56:37.485,1.01968,100
8/8/2022,13:56:39.602,1.01971,100
8/8/2022,13:56:40.661,1.01974,200
8/8/2022,13:56:41.719,1.01977,50
8/8/2022,13:56:42.778,1.01975,50
8/8/2022,13:56:43.835,1.01971,100
8/8/2022,13:56:44.892,1.01971,50
8/8/2022,13:56:45.949,1.01974,50
8/8/2022,13:56:47.005,1.01975,100
8/8/2022,13:56:49.118,1.01976,150
8/8/2022,13:56:50.174,1.01977,50
8/8/2022,13:56:51.229,1.01976,50
8/8/2022,13:56:52.285,1.01975,260
8/8/2022,13:56:53.341,1.01979,260
8/8/2022,13:56:54.397,1.01980,60
8/8/2022,13:56:55.453,1.01977,100
8/8/2022,13:56:56.509,1.01974,250
8/8/2022,13:56:57.565,1.01974,200
8/8/2022,13:57:00.735,1.01974,350
8/8/2022,13:57:02.848,1.01975,200
8/8/2022,13:57:03.904,1.01975,150
8/8/2022,13:57:04.961,1.01974,349
8/8/2022,13:57:05.959,1.01974,349
8/8/2022,13:57:06.018,1.01975,150
8/8/2022,13:57:07.076,1.01974,349
8/8/2022,13:57:08.133,1.01979,100
8/8/2022,13:57:10.246,1.01978,100
8/8/2022,13:57:11.303,1.01979,200
8/8/2022,13:57:12.361,1.01980,150
8/8/2022,13:57:13.417,1.01982,100
8/8/2022,13:57:14.474,1.01982,200
8/8/2022,13:57:17.647,1.01981,100
8/8/2022,13:57:18.705,1.01980,350
8/8/2022,13:57:20.819,1.01983,400
8/8/2022,13:57:21.875,1.01984,200
8/8/2022,13:57:22.103,1.01984,199
8/8/2022,13:57:22.932,1.01984,300
8/8/2022,13:57:23.988,1.01984,200
8/8/2022,13:57:24.519,1.01984,199
8/8/2022,13:57:25.044,1.01984,200
8/8/2022,13:57:26.101,1.01984,250
8/8/2022,13:57:27.159,1.01984,300
8/8/2022,13:57:29.275,1.01984,200
8/8/2022,13:57:30.331,1.01980,100
8/8/2022,13:57:31.387,1.01979,50
8/8/2022,13:57:32.443,1.01979,100
8/8/2022,13:57:33.500,1.01979,50
8/8/2022,13:57:37.727,1.01981,50
8/8/2022,13:57:41.952,1.01986,150
8/8/2022,13:57:43.008,1.01987,150
8/8/2022,13:57:46.179,1.01994,50
8/8/2022,13:57:48.292,1.01995,50
8/8/2022,13:57:49.349,1.01994,50
8/8/2022,13:57:50.405,1.01995,50
8/8/2022,13:57:51.463,1.01994,50
8/8/2022,13:57:53.577,1.01988,50
8/8/2022,13:57:54.635,1.01982,23
8/8/2022,13:57:55.693,1.01981,23
8/8/2022,13:57:56.751,1.01981,50
8/8/2022,13:57:57.807,1.01977,50
8/8/2022,13:57:58.864,1.01983,50
8/8/2022,13:58:00.979,1.01984,50
8/8/2022,13:58:02.036,1.01984,40
8/8/2022,13:58:03.093,1.01985,40
8/8/2022,13:58:09.436,1.01986,50
8/8/2022,13:58:11.553,1.01980,50
8/8/2022,13:58:13.668,1.01979,200
8/8/2022,13:58:14.724,1.01979,250
8/8/2022,13:58:15.781,1.01986,200
8/8/2022,13:58:16.840,1.01991,150
8/8/2022,13:58:18.958,1.01989,100
8/8/2022,13:58:20.016,1.01991,150
8/8/2022,13:58:21.075,1.01993,150
8/8/2022,13:58:23.192,1.01992,250
8/8/2022,13:58:24.249,1.01991,250
8/8/2022,13:58:25.306,1.01990,300
8/8/2022,13:58:26.362,1.01995,150
8/8/2022,13:58:27.420,1.01995,200
8/8/2022,13:58:30.595,1.01995,50
8/8/2022,13:58:32.713,1.01995,200
8/8/2022,13:58:33.772,1.01995,100
8/8/2022,13:58:36.946,1.02001,200
8/8/2022,13:58:38.005,1.02000,100
8/8/2022,13:58:39.062,1.02000,200
8/8/2022,13:58:40.120,1.02001,150
8/8/2022,13:58:41.178,1.02000,200
8/8/2022,13:58:43.294,1.02001,250
8/8/2022,13:58:45.411,1.02001,150
8/8/2022,13:58:46.469,1.02000,200
8/8/2022,13:58:47.527,1.01990,200
8/8/2022,13:58:48.584,1.01990,150
8/8/2022,13:58:49.642,1.01989,300
8/8/2022,13:58:52.813,1.01989,250
8/8/2022,13:58:53.870,1.01985,200
8/8/2022,13:58:54.927,1.01986,150
8/8/2022,13:58:55.985,1.01986,100
8/8/2022,13:58:57.042,1.01988,150
8/8/2022,13:58:58.100,1.01986,150
8/8/2022,13:59:00.218,1.01984,300
8/8/2022,13:59:01.276,1.01995,250
8/8/2022,13:59:02.334,1.01991,50
8/8/2022,13:59:03.393,1.01990,350
8/8/2022,13:59:04.451,1.01990,300
8/8/2022,13:59:05.508,1.01995,350
8/8/2022,13:59:06.567,1.01994,300
8/8/2022,13:59:07.626,1.01995,50
8/8/2022,13:59:08.683,1.01994,300
8/8/2022,13:59:10.798,1.01995,250
8/8/2022,13:59:11.855,1.01995,150
8/8/2022,13:59:12.911,1.01994,150
8/8/2022,13:59:13.970,1.01999,150
8/8/2022,13:59:15.028,1.01995,300
8/8/2022,13:59:16.087,1.01995,250
8/8/2022,13:59:17.144,1.01995,100
8/8/2022,13:59:18.203,1.01995,200
8/8/2022,13:59:20.320,1.01991,150
8/8/2022,13:59:22.436,1.01990,250
8/8/2022,13:59:23.495,1.01990,150
8/8/2022,13:59:24.554,1.02001,300
8/8/2022,13:59:25.612,1.02000,100
8/8/2022,13:59:26.670,1.01996,199
8/8/2022,13:59:27.728,1.02000,149
8/8/2022,13:59:28.787,1.02000,150
8/8/2022,13:59:30.902,1.02003,200
8/8/2022,13:59:31.960,1.02003,150
8/8/2022,13:59:33.019,1.02004,100
8/8/2022,13:59:34.078,1.02004,300
8/8/2022,13:59:35.136,1.02003,300
8/8/2022,13:59:36.194,1.02002,250
8/8/2022,13:59:37.253,1.02000,150
8/8/2022,13:59:39.372,1.02005,300
8/8/2022,13:59:40.431,1.02006,100
8/8/2022,13:59:41.490,1.02005,199
8/8/2022,13:59:43.605,1.02005,299
8/8/2022,13:59:44.663,1.02005,300
8/8/2022,13:59:45.720,1.02007,100
8/8/2022,13:59:46.778,1.02005,150
8/8/2022,13:59:48.896,1.02005,200
8/8/2022,13:59:49.954,1.02005,150
8/8/2022,13:59:51.012,1.02005,200
8/8/2022,13:59:52.070,1.02010,150
8/8/2022,13:59:53.127,1.02006,150
8/8/2022,13:59:54.184,1.02004,350
8/8/2022,13:59:55.242,1.02004,450
8/8/2022,13:59:56.301,1.02005,150
8/8/2022,13:59:58.418,1.02001,200
8/8/2022,13:59:59.474,1.02001,150
8/8/2022,14:00:00.531,1.02010,200
8/8/2022,14:00:01.589,1.02008,150
8/8/2022,14:00:02.646,1.02007,300
8/8/2022,14:00:03.702,1.02017,300
8/8/2022,14:00:04.758,1.02017,100
8/8/2022,14:00:05.814,1.02014,350
8/8/2022,14:00:06.871,1.02013,150
8/8/2022,14:00:07.927,1.02012,100
8/8/2022,14:00:08.983,1.02009,300
8/8/2022,14:00:10.040,1.02004,250
8/8/2022,14:00:11.096,1.01997,200
8/8/2022,14:00:12.152,1.01995,150
8/8/2022,14:00:13.209,1.01996,100
8/8/2022,14:00:14.265,1.01996,50
8/8/2022,14:00:15.321,1.01999,150
8/8/2022,14:00:16.378,1.02001,150
8/8/2022,14:00:17.434,1.02001,100
8/8/2022,14:00:19.548,1.02000,150
8/8/2022,14:00:20.604,1.02003,350
8/8/2022,14:00:21.660,1.02003,200
8/8/2022,14:00:22.717,1.02002,200
8/8/2022,14:00:23.773,1.02003,150
8/8/2022,14:00:24.829,1.02000,250
8/8/2022,14:00:26.945,1.02001,200
8/8/2022,14:00:28.003,1.02001,100
8/8/2022,14:00:29.062,1.01993,250
8/8/2022,14:00:30.120,1.01990,200
8/8/2022,14:00:31.178,1.01992,200
8/8/2022,14:00:34.349,1.01991,200
8/8/2022,14:00:35.406,1.01989,350
8/8/2022,14:00:36.464,1.01988,200
8/8/2022,14:00:38.578,1.01991,150
8/8/2022,14:00:39.636,1.01993,250
8/8/2022,14:00:40.692,1.01993,200
8/8/2022,14:00:41.749,1.01989,150
8/8/2022,14:00:43.862,1.01987,100
8/8/2022,14:00:44.918,1.01987,150
8/8/2022,14:00:45.975,1.01980,50
8/8/2022,14:00:47.031,1.01980,100
8/8/2022,14:00:48.087,1.01982,50
8/8/2022,14:00:49.144,1.01980,250
8/8/2022,14:00:50.200,1.01983,200
8/8/2022,14:00:51.259,1.01982,100
8/8/2022,14:00:53.377,1.01984,73
8/8/2022,14:00:55.492,1.01988,73
8/8/2022,14:00:56.550,1.01988,250
8/8/2022,14:00:57.607,1.01988,300
8/8/2022,14:00:58.664,1.02001,100
8/8/2022,14:00:59.721,1.01999,100
8/8/2022,14:01:00.778,1.01996,250
8/8/2022,14:01:01.835,1.01995,450
8/8/2022,14:01:02.892,1.01989,350
8/8/2022,14:01:03.951,1.01996,100
8/8/2022,14:01:05.009,1.01993,200
8/8/2022,14:01:06.068,1.01992,100
8/8/2022,14:01:10.297,1.01987,100
8/8/2022,14:01:11.353,1.01986,101
8/8/2022,14:01:13.465,1.01993,100
8/8/2022,14:01:14.521,1.01991,100
8/8/2022,14:01:15.578,1.01997,100
8/8/2022,14:01:16.635,1.01993,100
8/8/2022,14:01:19.809,1.01990,150
8/8/2022,14:01:20.867,1.01990,50
8/8/2022,14:01:21.926,1.01988,50
8/8/2022,14:01:26.161,1.01985,50
8/8/2022,14:01:27.218,1.01980,304
8/8/2022,14:01:28.275,1.01982,50
8/8/2022,14:01:29.333,1.01988,50
8/8/2022,14:01:31.447,1.01984,50
8/8/2022,14:01:32.504,1.01978,150
8/8/2022,14:01:33.561,1.01980,50
8/8/2022,14:01:34.112,1.01980,49
8/8/2022,14:01:34.619,1.01980,50
8/8/2022,14:01:35.676,1.01978,50
8/8/2022,14:01:36.733,1.01981,50
8/8/2022,14:01:37.791,1.01976,4
8/8/2022,14:01:38.850,1.01977,50
8/8/2022,14:01:40.965,1.01975,100
8/8/2022,14:01:42.023,1.01976,50
8/8/2022,14:01:43.080,1.01989,50
8/8/2022,14:01:44.137,1.01989,52
8/8/2022,14:01:45.193,1.01989,150
8/8/2022,14:01:46.250,1.01985,5
8/8/2022,14:01:47.308,1.01980,250
8/8/2022,14:01:51.535,1.01979,200
8/8/2022,14:01:52.591,1.01977,100
8/8/2022,14:01:53.647,1.01974,151
8/8/2022,14:01:54.704,1.01976,50
8/8/2022,14:01:56.820,1.01974,100
8/8/2022,14:01:57.878,1.01974,300
8/8/2022,14:01:59.994,1.01975,50
8/8/2022,14:02:02.107,1.01976,50
8/8/2022,14:02:04.219,1.01975,102
8/8/2022,14:02:05.275,1.01974,150
8/8/2022,14:02:06.333,1.01976,50
8/8/2022,14:02:07.314,1.01976,49
8/8/2022,14:02:07.391,1.01974,250
8/8/2022,14:02:08.449,1.01974,50
8/8/2022,14:02:09.508,1.01972,50
8/8/2022,14:02:11.622,1.01973,50
8/8/2022,14:02:12.680,1.01978,50
8/8/2022,14:02:14.796,1.01977,50
8/8/2022,14:02:15.855,1.01976,200
8/8/2022,14:02:19.028,1.01976,100
8/8/2022,14:02:21.140,1.01975,152
8/8/2022,14:02:22.196,1.01976,100
8/8/2022,14:02:23.254,1.01975,252
8/8/2022,14:02:25.366,1.01978,50
8/8/2022,14:02:26.423,1.01980,300
8/8/2022,14:02:27.479,1.01982,50
8/8/2022,14:02:29.592,1.01983,250
8/8/2022,14:02:30.649,1.01984,50
8/8/2022,14:02:33.822,1.01986,250
8/8/2022,14:02:34.881,1.01997,200
8/8/2022,14:02:35.940,1.02002,50
8/8/2022,14:02:36.998,1.02001,150
8/8/2022,14:02:38.056,1.02001,50
8/8/2022,14:02:39.114,1.02002,50
8/8/2022,14:02:40.173,1.02000,252
8/8/2022,14:02:41.231,1.02000,152
8/8/2022,14:02:44.401,1.02009,50
8/8/2022,14:02:52.857,1.02005,150
8/8/2022,14:02:53.913,1.02007,250
8/8/2022,14:02:54.969,1.02012,150
8/8/2022,14:02:56.026,1.02011,50
8/8/2022,14:02:57.082,1.02012,250
8/8/2022,14:02:59.195,1.02011,300
8/8/2022,14:03:00.251,1.02015,150
8/8/2022,14:03:01.307,1.02015,200
8/8/2022,14:03:02.363,1.02014,450
8/8/2022,14:03:03.420,1.02018,150
8/8/2022,14:03:04.477,1.02018,200
8/8/2022,14:03:05.535,1.02016,150
8/8/2022,14:03:06.593,1.02016,100
8/8/2022,14:03:07.652,1.02016,185
8/8/2022,14:03:08.710,1.02018,50
8/8/2022,14:03:09.769,1.02020,250
8/8/2022,14:03:10.828,1.02020,200
8/8/2022,14:03:12.946,1.02019,200
8/8/2022,14:03:16.122,1.02020,300
8/8/2022,14:03:18.238,1.02022,49
8/8/2022,14:03:23.528,1.02018,4
8/8/2022,14:03:24.585,1.02014,100
8/8/2022,14:03:28.811,1.02018,150
8/8/2022,14:03:29.869,1.02018,200
8/8/2022,14:03:30.926,1.02018,150
8/8/2022,14:03:33.041,1.02016,1
8/8/2022,14:03:34.099,1.02012,211
8/8/2022,14:03:35.158,1.02012,161
8/8/2022,14:03:36.215,1.02012,311
8/8/2022,14:03:37.273,1.02019,100
8/8/2022,14:03:38.331,1.02019,250
8/8/2022,14:03:40.444,1.02019,150
8/8/2022,14:03:41.501,1.02016,3
8/8/2022,14:03:43.615,1.02015,250
8/8/2022,14:03:45.731,1.02015,300
8/8/2022,14:03:46.790,1.02015,50
8/8/2022,14:03:47.849,1.02014,50
8/8/2022,14:03:48.906,1.02009,250
8/8/2022,14:03:49.963,1.02010,100
8/8/2022,14:03:51.019,1.02007,202
8/8/2022,14:03:52.075,1.02009,150
8/8/2022,14:03:53.133,1.02009,100
8/8/2022,14:03:55.247,1.02008,150
8/8/2022,14:03:56.304,1.02007,252
8/8/2022,14:03:57.361,1.02007,300
8/8/2022,14:03:58.418,1.02006,3
8/8/2022,14:03:59.476,1.02008,100
8/8/2022,14:04:01.590,1.02007,200
8/8/2022,14:04:02.648,1.02008,50
8/8/2022,14:04:03.705,1.02008,150
8/8/2022,14:04:04.762,1.02009,150
8/8/2022,14:04:05.820,1.02008,150
8/8/2022,14:04:06.878,1.02007,206
8/8/2022,14:04:07.936,1.02008,100
8/8/2022,14:04:08.993,1.02007,206
8/8/2022,14:04:12.166,1.02007,56
8/8/2022,14:04:13.223,1.02014,100
8/8/2022,14:04:14.280,1.02013,300
8/8/2022,14:04:17.451,1.02010,1
8/8/2022,14:04:20.623,1.02010,50
8/8/2022,14:04:21.681,1.02009,100
8/8/2022,14:04:24.856,1.02009,150
8/8/2022,14:04:25.914,1.02009,100
8/8/2022,14:04:29.088,1.02007,150
8/8/2022,14:04:30.147,1.02004,203
8/8/2022,14:04:31.207,1.02004,153
8/8/2022,14:04:32.265,1.02004,203
8/8/2022,14:04:33.323,1.02005,100
8/8/2022,14:04:35.439,1.02006,250
8/8/2022,14:04:36.496,1.02011,200
8/8/2022,14:04:37.553,1.02008,150
8/8/2022,14:04:38.611,1.02001,150
8/8/2022,14:04:41.784,1.01998,256
8/8/2022,14:04:42.842,1.01998,250
8/8/2022,14:04:43.900,1.01998,150
8/8/2022,14:04:44.959,1.01999,100
8/8/2022,14:04:50.251,1.02003,100
8/8/2022,14:04:52.364,1.02007,200
8/8/2022,14:04:56.592,1.02004,151
8/8/2022,14:04:57.648,1.02007,250
8/8/2022,14:04:59.762,1.02006,150
8/8/2022,14:05:00.820,1.02004,150
8/8/2022,14:05:01.878,1.02007,50
8/8/2022,14:05:02.936,1.02006,100
8/8/2022,14:05:03.993,1.02004,150
8/8/2022,14:05:05.051,1.02008,250
8/8/2022,14:05:06.109,1.02008,200
8/8/2022,14:05:07.167,1.02008,100
8/8/2022,14:05:09.283,1.02013,50
8/8/2022,14:05:10.340,1.02015,50
8/8/2022,14:05:11.398,1.02008,200
8/8/2022,14:05:12.456,1.02008,150
8/8/2022,14:05:14.570,1.02009,50
8/8/2022,14:05:17.741,1.02009,150
8/8/2022,14:05:20.914,1.02010,100
8/8/2022,14:05:26.200,1.02009,150
8/8/2022,14:05:27.258,1.02007,150
8/8/2022,14:05:28.316,1.02009,250
8/8/2022,14:05:29.374,1.02007,200
8/8/2022,14:05:30.432,1.02008,100
8/8/2022,14:05:34.664,1.02007,250
8/8/2022,14:05:37.839,1.02007,50
8/8/2022,14:05:38.896,1.02007,250
8/8/2022,14:05:46.303,1.02006,150
8/8/2022,14:05:47.361,1.02006,147
8/8/2022,14:05:51.592,1.02007,150
8/8/2022,14:05:52.649,1.02004,350
8/8/2022,14:05:53.707,1.02004,250
8/8/2022,14:05:54.764,1.02002,250
8/8/2022,14:05:55.820,1.01999,100
8/8/2022,14:06:01.105,1.02002,150
8/8/2022,14:06:03.218,1.02008,200
8/8/2022,14:06:04.275,1.02007,250
8/8/2022,14:06:05.332,1.02003,350
8/8/2022,14:06:06.389,1.02004,100
8/8/2022,14:06:12.731,1.02008,200
8/8/2022,14:06:13.788,1.02010,50
8/8/2022,14:06:19.075,1.02012,150
8/8/2022,14:06:20.132,1.02012,250
8/8/2022,14:06:21.189,1.02014,200
8/8/2022,14:06:22.246,1.02013,150
8/8/2022,14:06:26.473,1.02013,100
8/8/2022,14:06:28.588,1.02010,202
8/8/2022,14:06:35.988,1.02009,250
8/8/2022,14:06:37.045,1.02010,100
8/8/2022,14:06:39.161,1.02014,150
8/8/2022,14:06:47.620,1.02015,100
8/8/2022,14:06:50.794,1.02013,100
8/8/2022,14:06:52.909,1.02012,250
8/8/2022,14:06:53.967,1.02006,150
8/8/2022,14:06:55.024,1.02004,200
8/8/2022,14:06:56.083,1.02004,150
8/8/2022,14:07:00.315,1.02003,2
8/8/2022,14:07:02.432,1.02001,150
8/8/2022,14:07:03.489,1.02000,200
8/8/2022,14:07:05.603,1.01999,154
8/8/2022,14:07:06.309,1.01999,153
8/8/2022,14:07:06.660,1.01999,154
8/8/2022,14:07:09.833,1.01996,1
8/8/2022,14:07:10.891,1.01995,150
8/8/2022,14:07:11.948,1.01993,2
8/8/2022,14:07:13.005,1.01993,152
8/8/2022,14:07:16.176,1.01992,1
8/8/2022,14:07:17.233,1.01988,250
8/8/2022,14:07:18.292,1.01987,202
8/8/2022,14:07:19.351,1.01988,200
8/8/2022,14:07:20.409,1.01988,150
8/8/2022,14:07:21.467,1.01988,200
8/8/2022,14:07:22.524,1.01989,150
8/8/2022,14:07:23.581,1.01988,200
8/8/2022,14:07:24.639,1.01988,150
8/8/2022,14:07:25.697,1.01988,200
8/8/2022,14:07:26.755,1.01989,100
8/8/2022,14:07:28.872,1.01988,200
8/8/2022,14:07:29.930,1.01988,150
8/8/2022,14:07:30.988,1.01989,100
8/8/2022,14:07:33.103,1.01994,150
8/8/2022,14:07:35.219,1.01995,150
8/8/2022,14:07:36.277,1.01994,150
8/8/2022,14:07:38.393,1.01993,150
8/8/2022,14:07:39.451,1.01989,150
8/8/2022,14:07:41.567,1.01988,201
8/8/2022,14:07:45.798,1.01988,200
8/8/2022,14:07:46.857,1.01990,150
8/8/2022,14:07:54.268,1.01994,150
8/8/2022,14:08:10.145,1.01994,200
8/8/2022,14:08:11.204,1.01994,150
8/8/2022,14:08:12.263,1.01990,150
8/8/2022,14:08:22.840,1.01992,200
8/8/2022,14:08:23.897,1.01992,150
8/8/2022,14:08:26.010,1.01992,200
8/8/2022,14:08:27.069,1.01991,150
8/8/2022,14:08:28.128,1.01989,200
8/8/2022,14:08:29.187,1.01986,100
8/8/2022,14:08:30.245,1.01982,152
8/8/2022,14:08:32.362,1.01982,252
8/8/2022,14:08:34.478,1.01982,150
8/8/2022,14:08:35.537,1.01987,200
8/8/2022,14:08:36.596,1.01990,150
8/8/2022,14:08:38.713,1.01986,100
8/8/2022,14:08:39.772,1.01985,250
8/8/2022,14:08:40.830,1.01986,150
8/8/2022,14:08:42.947,1.01988,150
8/8/2022,14:08:49.298,1.01985,150
8/8/2022,14:08:50.354,1.01984,150
8/8/2022,14:08:53.529,1.01982,150
8/8/2022,14:08:54.586,1.01980,150
8/8/2022,14:08:55.643,1.01981,150
8/8/2022,14:08:56.700,1.01983,100
8/8/2022,14:08:58.815,1.01984,200
8/8/2022,14:09:03.042,1.01985,200
8/8/2022,14:09:05.158,1.01985,250
8/8/2022,14:09:07.274,1.01985,200
8/8/2022,14:09:09.392,1.01988,150
8/8/2022,14:09:10.451,1.01986,150
8/8/2022,14:09:13.628,1.01984,250
8/8/2022,14:09:14.687,1.01985,150
8/8/2022,14:09:18.919,1.01979,150
8/8/2022,14:09:21.036,1.01984,150
8/8/2022,14:09:24.211,1.01984,200
8/8/2022,14:09:25.270,1.01983,150
8/8/2022,14:09:26.327,1.01980,150
8/8/2022,14:09:27.385,1.01983,300
8/8/2022,14:09:28.443,1.01984,100
8/8/2022,14:09:30.559,1.01984,149
8/8/2022,14:09:32.677,1.01987,450
8/8/2022,14:09:33.737,1.01985,250
8/8/2022,14:09:36.911,1.01985,200
8/8/2022,14:09:37.968,1.01980,200
8/8/2022,14:09:39.026,1.01979,300
8/8/2022,14:09:40.083,1.01977,200
8/8/2022,14:09:42.197,1.01979,100
8/8/2022,14:09:44.310,1.01984,100
8/8/2022,14:09:47.482,1.01981,94
8/8/2022,14:09:48.538,1.01984,194
8/8/2022,14:09:49.595,1.01987,94
8/8/2022,14:09:55.938,1.01987,100
8/8/2022,14:09:56.994,1.01985,200
8/8/2022,14:09:59.108,1.01986,250
8/8/2022,14:10:00.165,1.01986,150
8/8/2022,14:10:01.221,1.01986,300
8/8/2022,14:10:02.277,1.01986,250
8/8/2022,14:10:03.335,1.01986,300
8/8/2022,14:10:04.393,1.01986,150
8/8/2022,14:10:05.451,1.01984,150
8/8/2022,14:10:11.796,1.01985,150
8/8/2022,14:10:21.307,1.01993,200
8/8/2022,14:10:22.363,1.01994,150
8/8/2022,14:10:24.479,1.01992,200
8/8/2022,14:10:25.535,1.01992,250
8/8/2022,14:10:26.591,1.01991,200
8/8/2022,14:10:27.816,1.01991,190
8/8/2022,14:10:28.704,1.01991,150
8/8/2022,14:10:30.817,1.01989,150
8/8/2022,14:10:31.875,1.01990,150
8/8/2022,14:10:32.931,1.01989,200
8/8/2022,14:10:33.987,1.01987,200
8/8/2022,14:10:37.157,1.01987,150
8/8/2022,14:10:38.216,1.01987,300
8/8/2022,14:10:39.273,1.01988,100
8/8/2022,14:10:40.330,1.01989,100
8/8/2022,14:10:43.505,1.01984,100
8/8/2022,14:10:50.912,1.01981,150
8/8/2022,14:10:51.970,1.01981,100
8/8/2022,14:10:53.028,1.01988,200
8/8/2022,14:10:54.086,1.01989,100
8/8/2022,14:10:56.203,1.01989,50
8/8/2022,14:10:57.261,1.01988,100
8/8/2022,14:10:58.320,1.01984,100
8/8/2022,14:10:59.378,1.01983,100
8/8/2022,14:11:00.436,1.01983,200
8/8/2022,14:11:01.494,1.01989,150
8/8/2022,14:11:06.786,1.01991,100
8/8/2022,14:11:08.901,1.01993,149
8/8/2022,14:11:09.958,1.01993,150
8/8/2022,14:11:11.014,1.01989,150
8/8/2022,14:11:12.070,1.01990,100
8/8/2022,14:11:13.127,1.01990,150
8/8/2022,14:11:14.185,1.01989,200
8/8/2022,14:11:15.244,1.01994,100
8/8/2022,14:11:16.302,1.01997,100
8/8/2022,14:11:20.530,1.01995,50
8/8/2022,14:11:21.588,1.01993,200
8/8/2022,14:11:23.705,1.01996,100
8/8/2022,14:11:24.764,1.01995,200
8/8/2022,14:11:25.823,1.01995,300
8/8/2022,14:11:26.881,1.01994,150
8/8/2022,14:11:30.058,1.01993,250
8/8/2022,14:11:31.114,1.01993,300
8/8/2022,14:11:32.170,1.02004,150
8/8/2022,14:11:33.227,1.02005,150
8/8/2022,14:11:34.284,1.02004,150
8/8/2022,14:11:36.396,1.02004,100
8/8/2022,14:11:37.453,1.02004,200
8/8/2022,14:11:38.510,1.02004,150
8/8/2022,14:11:39.567,1.02004,100
8/8/2022,14:11:42.740,1.02004,200
8/8/2022,14:11:43.796,1.02005,150
8/8/2022,14:11:55.428,1.02006,150
8/8/2022,14:11:57.545,1.02014,200
8/8/2022,14:11:59.661,1.02014,150
8/8/2022,14:12:03.895,1.02010,100
8/8/2022,14:12:06.009,1.02012,100
8/8/2022,14:12:06.341,1.02012,99
8/8/2022,14:12:07.066,1.02012,100
8/8/2022,14:12:08.124,1.02011,150
8/8/2022,14:12:11.298,1.02012,100
8/8/2022,14:12:16.590,1.02008,100
8/8/2022,14:12:17.649,1.02007,150
8/8/2022,14:12:19.767,1.02006,200
8/8/2022,14:12:20.826,1.02004,150
8/8/2022,14:12:21.885,1.02005,200
8/8/2022,14:12:22.943,1.02005,150
8/8/2022,14:12:28.236,1.01996,100
8/8/2022,14:12:29.295,1.01997,100
8/8/2022,14:12:30.353,1.01995,50
8/8/2022,14:12:31.411,1.01994,150
8/8/2022,14:12:32.469,1.01995,50
8/8/2022,14:12:34.587,1.01994,150
8/8/2022,14:12:36.704,1.01995,50
8/8/2022,14:12:37.763,1.01996,50
8/8/2022,14:12:40.937,1.01996,100
8/8/2022,14:12:46.226,1.01988,150
8/8/2022,14:12:47.283,1.01984,150
8/8/2022,14:12:49.399,1.01983,150
8/8/2022,14:12:50.457,1.01981,150
8/8/2022,14:12:51.515,1.01977,50
8/8/2022,14:12:53.629,1.01979,200
8/8/2022,14:12:54.687,1.01982,200
8/8/2022,14:12:55.744,1.01984,50
8/8/2022,14:12:58.915,1.01984,150
8/8/2022,14:12:59.973,1.01984,50
8/8/2022,14:13:01.030,1.01984,250
8/8/2022,14:13:02.088,1.01984,150
8/8/2022,14:13:04.204,1.01984,50
8/8/2022,14:13:05.262,1.01984,150
8/8/2022,14:13:07.374,1.01983,200
8/8/2022,14:13:08.429,1.01984,100
8/8/2022,14:13:10.541,1.01983,250
8/8/2022,14:13:11.598,1.01983,200
8/8/2022,14:13:12.654,1.01978,95
8/8/2022,14:13:14.767,1.01979,50
8/8/2022,14:13:15.825,1.01979,150
8/8/2022,14:13:17.937,1.01979,250
8/8/2022,14:13:18.994,1.01979,150
8/8/2022,14:13:20.051,1.01979,100
8/8/2022,14:13:21.107,1.01976,200
8/8/2022,14:13:22.164,1.01978,150
8/8/2022,14:13:26.397,1.01975,300
8/8/2022,14:13:27.454,1.01975,250
8/8/2022,14:13:29.568,1.01975,200
8/8/2022,14:13:31.684,1.01975,50
8/8/2022,14:13:32.741,1.01977,50
8/8/2022,14:13:33.800,1.01978,50
8/8/2022,14:13:34.858,1.01978,100
8/8/2022,14:13:36.972,1.01979,50
8/8/2022,14:13:38.028,1.01983,50
8/8/2022,14:13:39.084,1.01983,300
8/8/2022,14:13:40.142,1.01983,150
8/8/2022,14:13:41.200,1.01983,100
8/8/2022,14:13:42.257,1.01979,150
8/8/2022,14:13:44.373,1.01978,150
8/8/2022,14:13:47.546,1.01979,150
8/8/2022,14:13:48.602,1.01980,50
8/8/2022,14:13:49.658,1.01979,100
8/8/2022,14:13:50.715,1.01982,200
8/8/2022,14:13:51.773,1.01983,300
8/8/2022,14:13:52.832,1.01983,200
8/8/2022,14:13:53.890,1.01985,300
8/8/2022,14:13:54.949,1.01988,50
8/8/2022,14:13:56.007,1.01988,200
8/8/2022,14:13:57.065,1.01987,250
8/8/2022,14:13:58.124,1.01987,50
8/8/2022,14:13:59.182,1.01986,150
8/8/2022,14:14:00.240,1.01986,200
8/8/2022,14:14:01.298,1.01985,50
8/8/2022,14:14:04.472,1.01985,150
8/8/2022,14:14:06.588,1.01985,250
8/8/2022,14:14:10.818,1.01986,50
8/8/2022,14:14:11.875,1.01985,250
8/8/2022,14:14:16.107,1.01970,100
8/8/2022,14:14:17.165,1.01973,150
8/8/2022,14:14:18.224,1.01975,50
8/8/2022,14:14:19.282,1.01977,200
8/8/2022,14:14:20.341,1.01979,50
8/8/2022,14:14:24.570,1.01981,50
8/8/2022,14:14:26.685,1.01986,50
8/8/2022,14:14:28.802,1.01978,300
8/8/2022,14:14:29.860,1.01977,250
8/8/2022,14:14:30.918,1.01978,100
8/8/2022,14:14:31.975,1.01977,250
8/8/2022,14:14:33.034,1.01978,50
8/8/2022,14:14:37.268,1.01977,50
8/8/2022,14:14:41.503,1.01975,300
8/8/2022,14:14:42.562,1.01977,50
8/8/2022,14:14:45.733,1.01976,350
8/8/2022,14:14:48.908,1.01977,150
8/8/2022,14:14:49.967,1.01978,50
8/8/2022,14:14:51.025,1.01979,100
8/8/2022,14:14:52.083,1.01978,250
8/8/2022,14:14:53.142,1.01978,200
8/8/2022,14:14:54.200,1.01978,150
8/8/2022,14:14:55.258,1.01979,150
8/8/2022,14:14:56.315,1.01986,150
8/8/2022,14:15:00.546,1.01980,100
8/8/2022,14:15:01.605,1.01979,150
8/8/2022,14:15:02.663,1.01978,300
8/8/2022,14:15:03.721,1.01979,50
8/8/2022,14:15:05.837,1.01977,300
8/8/2022,14:15:06.895,1.01977,350
8/8/2022,14:15:07.951,1.01974,50
8/8/2022,14:15:11.122,1.01974,350
8/8/2022,14:15:12.179,1.01974,250
8/8/2022,14:15:14.292,1.01976,150
8/8/2022,14:15:15.349,1.01975,200
8/8/2022,14:15:17.465,1.01977,150
8/8/2022,14:15:18.524,1.01977,50
8/8/2022,14:15:20.639,1.01977,150
8/8/2022,14:15:22.755,1.01974,50
8/8/2022,14:15:25.930,1.01974,150
8/8/2022,14:15:26.989,1.01974,100
8/8/2022,14:15:29.106,1.01974,250
8/8/2022,14:15:32.280,1.01974,350
8/8/2022,14:15:37.574,1.01974,100
8/8/2022,14:15:38.631,1.01974,150
8/8/2022,14:15:41.806,1.01974,100
8/8/2022,14:15:43.920,1.01974,50
8/8/2022,14:15:47.091,1.01974,150
8/8/2022,14:15:48.149,1.01976,150
8/8/2022,14:15:49.206,1.01976,50
8/8/2022,14:15:50.263,1.01976,150
8/8/2022,14:15:53.434,1.01973,150
8/8/2022,14:15:54.490,1.01970,200
8/8/2022,14:15:55.547,1.01965,200
8/8/2022,14:15:56.606,1.01968,50
8/8/2022,14:15:57.664,1.01968,144
8/8/2022,14:15:58.721,1.01968,50
8/8/2022,14:16:06.127,1.01966,100
8/8/2022,14:16:07.186,1.01965,150
8/8/2022,14:16:08.244,1.01964,200
8/8/2022,14:16:09.303,1.01961,150
8/8/2022,14:16:10.362,1.01960,50
8/8/2022,14:16:11.420,1.01961,200
8/8/2022,14:16:12.476,1.01962,100
8/8/2022,14:16:14.591,1.01962,150
8/8/2022,14:16:19.877,1.01960,400
8/8/2022,14:16:25.160,1.01952,300
8/8/2022,14:16:26.219,1.01954,150
8/8/2022,14:16:27.277,1.01952,50
8/8/2022,14:16:28.336,1.01948,350
8/8/2022,14:16:29.395,1.01950,250
8/8/2022,14:16:33.629,1.01948,250
8/8/2022,14:16:36.803,1.01949,100
8/8/2022,14:16:37.861,1.01948,150
8/8/2022,14:16:42.094,1.01954,150
8/8/2022,14:16:43.153,1.01954,100
8/8/2022,14:16:45.270,1.01953,150
8/8/2022,14:16:46.329,1.01952,200
8/8/2022,14:16:47.387,1.01953,250
8/8/2022,14:16:48.446,1.01953,200
8/8/2022,14:16:49.503,1.01954,100
8/8/2022,14:16:50.560,1.01959,100
8/8/2022,14:16:53.732,1.01961,249
8/8/2022,14:16:54.790,1.01961,199
8/8/2022,14:16:55.849,1.01963,149
8/8/2022,14:16:56.907,1.01960,200
8/8/2022,14:17:00.079,1.01964,50
8/8/2022,14:17:01.137,1.01963,250
8/8/2022,14:17:02.194,1.01964,100
8/8/2022,14:17:04.309,1.01966,250
8/8/2022,14:17:05.368,1.01966,100
8/8/2022,14:17:06.426,1.01960,300
8/8/2022,14:17:06.821,1.01960,299
8/8/2022,14:17:07.484,1.01960,300
8/8/2022,14:17:09.599,1.01960,200
8/8/2022,14:17:10.657,1.01960,250
8/8/2022,14:17:14.889,1.01960,300
8/8/2022,14:17:18.066,1.01965,100
8/8/2022,14:17:19.125,1.01964,100
8/8/2022,14:17:20.184,1.01964,200
8/8/2022,14:17:22.301,1.01966,150
8/8/2022,14:17:23.360,1.01965,100
8/8/2022,14:17:27.595,1.01957,150
8/8/2022,14:17:28.654,1.01956,300
8/8/2022,14:17:31.830,1.01957,150
8/8/2022,14:17:33.947,1.01956,300
8/8/2022,14:17:35.006,1.01957,50
8/8/2022,14:17:36.063,1.01957,300
8/8/2022,14:17:37.121,1.01960,200
8/8/2022,14:17:38.179,1.01961,250
8/8/2022,14:17:39.237,1.01964,150
8/8/2022,14:17:44.528,1.01965,100
8/8/2022,14:17:48.761,1.01967,150
8/8/2022,14:17:49.819,1.01967,100
8/8/2022,14:17:50.878,1.01964,300
8/8/2022,14:17:51.936,1.01965,100
8/8/2022,14:18:02.518,1.01964,250
8/8/2022,14:18:03.577,1.01965,100
8/8/2022,14:18:19.451,1.01964,250
8/8/2022,14:18:22.622,1.01958,150
8/8/2022,14:18:23.679,1.01958,250
8/8/2022,14:18:24.736,1.01959,50
8/8/2022,14:18:25.793,1.01958,300
8/8/2022,14:18:27.906,1.01958,200
8/8/2022,14:18:28.964,1.01958,150
8/8/2022,14:18:30.022,1.01955,200
8/8/2022,14:18:31.080,1.01956,100
8/8/2022,14:18:37.425,1.01957,150
8/8/2022,14:18:40.599,1.01958,150
8/8/2022,14:18:42.713,1.01958,100
8/8/2022,14:18:46.945,1.01958,250
8/8/2022,14:18:48.004,1.01958,200
8/8/2022,14:18:52.233,1.01958,100
8/8/2022,14:18:53.291,1.01951,200
8/8/2022,14:18:54.347,1.01949,200
8/8/2022,14:18:55.405,1.01949,100
8/8/2022,14:18:56.463,1.01947,150
8/8/2022,14:18:57.522,1.01944,100
8/8/2022,14:18:58.580,1.01943,300
8/8/2022,14:18:59.637,1.01945,100
8/8/2022,14:19:00.695,1.01944,200
8/8/2022,14:19:01.753,1.01939,200
8/8/2022,14:19:02.811,1.01940,300
8/8/2022,14:19:04.927,1.01939,250
8/8/2022,14:19:05.985,1.01940,150
8/8/2022,14:19:07.043,1.01940,250
8/8/2022,14:19:08.100,1.01934,100
8/8/2022,14:19:09.158,1.01934,200
8/8/2022,14:19:10.218,1.01934,250
8/8/2022,14:19:11.275,1.01935,50
8/8/2022,14:19:12.333,1.01935,150
8/8/2022,14:19:13.390,1.01933,300
8/8/2022,14:19:15.506,1.01942,150
8/8/2022,14:19:16.563,1.01944,250
8/8/2022,14:19:17.621,1.01945,50
8/8/2022,14:19:18.679,1.01946,100
8/8/2022,14:19:19.738,1.01941,250
8/8/2022,14:19:20.796,1.01941,100
8/8/2022,14:19:21.853,1.01937,300
8/8/2022,14:19:23.968,1.01936,150
8/8/2022,14:19:25.025,1.01936,250
8/8/2022,14:19:28.196,1.01938,200
8/8/2022,14:19:29.254,1.01937,300
8/8/2022,14:19:33.487,1.01937,250
8/8/2022,14:19:34.544,1.01937,150
8/8/2022,14:19:36.658,1.01940,200
8/8/2022,14:19:37.716,1.01940,250
8/8/2022,14:19:38.774,1.01940,200
8/8/2022,14:19:40.890,1.01939,250
8/8/2022,14:19:44.061,1.01940,250
8/8/2022,14:19:48.293,1.01941,100
8/8/2022,14:19:53.583,1.01948,100
8/8/2022,14:19:54.641,1.01947,295
8/8/2022,14:19:55.700,1.01944,150
8/8/2022,14:19:56.757,1.01944,200
8/8/2022,14:19:57.814,1.01946,150
8/8/2022,14:19:59.930,1.01941,150
8/8/2022,14:20:00.989,1.01947,150
8/8/2022,14:20:02.047,1.01953,150
8/8/2022,14:20:03.105,1.01954,150
8/8/2022,14:20:04.163,1.01953,150
8/8/2022,14:20:05.220,1.01952,150
8/8/2022,14:20:06.279,1.01953,150
8/8/2022,14:20:07.338,1.01954,150
8/8/2022,14:20:08.396,1.01953,200
8/8/2022,14:20:10.514,1.01955,150
8/8/2022,14:20:11.572,1.01953,150
8/8/2022,14:20:12.631,1.01958,150
8/8/2022,14:20:13.690,1.01963,300
8/8/2022,14:20:14.748,1.01965,200
8/8/2022,14:20:15.807,1.01961,150
8/8/2022,14:20:16.866,1.01963,150
8/8/2022,14:20:18.983,1.01963,300
8/8/2022,14:20:20.042,1.01967,200
8/8/2022,14:20:21.101,1.01967,100
8/8/2022,14:20:24.277,1.01973,200
8/8/2022,14:20:25.335,1.01972,200
8/8/2022,14:20:26.392,1.01972,100
8/8/2022,14:20:27.451,1.01972,400
8/8/2022,14:20:28.509,1.01973,250
8/8/2022,14:20:29.567,1.01975,200
8/8/2022,14:20:30.626,1.01976,100
8/8/2022,14:20:31.684,1.01973,300
8/8/2022,14:20:32.742,1.01972,50
8/8/2022,14:20:33.800,1.01974,100
8/8/2022,14:20:34.859,1.01969,150
8/8/2022,14:20:35.917,1.01968,200
8/8/2022,14:20:36.975,1.01970,150
8/8/2022,14:20:38.034,1.01974,100
8/8/2022,14:20:39.091,1.01973,200
8/8/2022,14:20:40.149,1.01968,200
8/8/2022,14:20:42.264,1.01968,150
8/8/2022,14:20:43.322,1.01968,200
8/8/2022,14:20:44.380,1.01969,150
8/8/2022,14:20:45.438,1.01968,100
8/8/2022,14:20:46.494,1.01973,300
8/8/2022,14:20:47.553,1.01977,200
8/8/2022,14:20:48.609,1.01983,100
8/8/2022,14:20:49.667,1.01985,100
8/8/2022,14:20:50.725,1.01984,100
8/8/2022,14:20:51.781,1.01982,300
8/8/2022,14:20:52.839,1.01984,250
8/8/2022,14:20:53.896,1.01983,200
8/8/2022,14:20:56.011,1.01983,350
8/8/2022,14:20:57.069,1.01983,300
8/8/2022,14:20:58.126,1.01983,100
8/8/2022,14:20:59.184,1.01974,300
8/8/2022,14:21:00.243,1.01970,150
8/8/2022,14:21:01.301,1.01972,200
8/8/2022,14:21:02.358,1.01969,150
8/8/2022,14:21:03.415,1.01969,200
8/8/2022,14:21:04.474,1.01968,150
8/8/2022,14:21:05.531,1.01967,200
8/8/2022,14:21:06.588,1.01968,200
8/8/2022,14:21:07.643,1.01968,150
8/8/2022,14:21:10.813,1.01964,50
8/8/2022,14:21:11.870,1.01961,300
8/8/2022,14:21:12.927,1.01962,100
8/8/2022,14:21:13.983,1.01961,200
8/8/2022,14:21:15.038,1.01962,150
8/8/2022,14:21:16.097,1.01960,150
8/8/2022,14:21:17.153,1.01957,250
8/8/2022,14:21:18.211,1.01958,100
8/8/2022,14:21:19.270,1.01957,250
8/8/2022,14:21:21.384,1.01958,100
8/8/2022,14:21:24.557,1.01959,150
8/8/2022,14:21:26.672,1.01958,50
8/8/2022,14:21:27.730,1.01957,300
8/8/2022,14:21:28.788,1.01955,250
8/8/2022,14:21:29.845,1.01954,300
8/8/2022,14:21:30.904,1.01955,50
8/8/2022,14:21:34.078,1.01954,400
8/8/2022,14:21:37.252,1.01954,300
8/8/2022,14:21:42.540,1.01954,400
8/8/2022,14:21:45.715,1.01952,200
8/8/2022,14:21:47.829,1.01954,100
8/8/2022,14:21:48.888,1.01953,200
8/8/2022,14:21:49.947,1.01953,100
8/8/2022,14:21:52.063,1.01952,250
8/8/2022,14:21:53.121,1.01939,300
8/8/2022,14:21:54.179,1.01937,300
8/8/2022,14:21:55.237,1.01936,150
8/8/2022,14:21:56.296,1.01932,150
8/8/2022,14:21:57.354,1.01934,200
8/8/2022,14:21:58.413,1.01935,350
8/8/2022,14:21:59.471,1.01935,300
8/8/2022,14:22:00.528,1.01937,150
8/8/2022,14:22:01.585,1.01940,150
8/8/2022,14:22:02.642,1.01943,50
8/8/2022,14:22:03.699,1.01942,150
8/8/2022,14:22:04.756,1.01942,250
8/8/2022,14:22:05.814,1.01942,100
8/8/2022,14:22:06.871,1.01941,300
8/8/2022,14:22:07.030,1.01941,299
8/8/2022,14:22:07.929,1.01942,100
8/8/2022,14:22:08.986,1.01942,150
8/8/2022,14:22:11.101,1.01945,250
8/8/2022,14:22:12.158,1.01949,150
8/8/2022,14:22:13.216,1.01948,200
8/8/2022,14:22:14.274,1.01949,150
8/8/2022,14:22:15.333,1.01949,200
8/8/2022,14:22:16.391,1.01952,50
8/8/2022,14:22:18.509,1.01954,150
8/8/2022,14:22:19.567,1.01952,50
8/8/2022,14:22:20.625,1.01953,350
8/8/2022,14:22:21.682,1.01954,100
8/8/2022,14:22:22.738,1.01953,100
8/8/2022,14:22:23.795,1.01952,200
8/8/2022,14:22:25.911,1.01954,150
8/8/2022,14:22:26.968,1.01954,200
8/8/2022,14:22:29.082,1.01955,150
8/8/2022,14:22:31.198,1.01955,50
8/8/2022,14:22:35.430,1.01954,200
8/8/2022,14:22:36.486,1.01960,200
8/8/2022,14:22:37.542,1.01964,150
8/8/2022,14:22:38.596,1.01955,100
8/8/2022,14:22:39.653,1.01954,200
8/8/2022,14:22:40.712,1.01953,100
8/8/2022,14:22:41.770,1.01953,150
8/8/2022,14:22:42.828,1.01955,100
8/8/2022,14:22:43.883,1.01954,350
8/8/2022,14:22:44.939,1.01955,100
8/8/2022,14:22:47.052,1.01957,150
8/8/2022,14:22:49.164,1.01955,100
8/8/2022,14:22:51.280,1.01956,100
8/8/2022,14:22:52.335,1.01957,100
8/8/2022,14:22:54.447,1.01957,200
8/8/2022,14:22:57.616,1.01965,150
8/8/2022,14:22:59.733,1.01964,150
8/8/2022,14:23:00.792,1.01964,100
8/8/2022,14:23:01.850,1.01959,200
8/8/2022,14:23:03.965,1.01960,300
8/8/2022,14:23:05.023,1.01962,300
8/8/2022,14:23:06.081,1.01967,100
8/8/2022,14:23:10.312,1.01966,150
8/8/2022,14:23:11.369,1.01965,200
8/8/2022,14:23:12.427,1.01965,150
8/8/2022,14:23:13.486,1.01965,100
8/8/2022,14:23:14.544,1.01965,150
8/8/2022,14:23:15.601,1.01963,150
8/8/2022,14:23:16.658,1.01958,151
8/8/2022,14:23:18.777,1.01952,100
8/8/2022,14:23:19.834,1.01954,100
8/8/2022,14:23:20.893,1.01954,200
8/8/2022,14:23:23.012,1.01954,250
8/8/2022,14:23:26.189,1.01944,400
8/8/2022,14:23:27.248,1.01947,100
8/8/2022,14:23:28.307,1.01949,200
8/8/2022,14:23:29.365,1.01948,150
8/8/2022,14:23:36.777,1.01947,200
8/8/2022,14:23:37.835,1.01948,100
8/8/2022,14:23:38.895,1.01948,150
8/8/2022,14:23:39.812,1.01948,149
8/8/2022,14:23:39.953,1.01950,100
8/8/2022,14:23:41.012,1.01949,150
8/8/2022,14:23:42.071,1.01948,150
8/8/2022,14:23:49.485,1.01946,2
8/8/2022,14:23:50.543,1.01948,150
8/8/2022,14:23:55.827,1.01949,150
8/8/2022,14:23:59.001,1.01947,4
8/8/2022,14:24:01.117,1.01946,150
8/8/2022,14:24:02.174,1.01933,50
8/8/2022,14:24:03.231,1.01935,300
8/8/2022,14:24:04.290,1.01933,200
8/8/2022,14:24:05.183,1.01933,199
8/8/2022,14:24:05.348,1.01930,250
8/8/2022,14:24:06.408,1.01930,200
8/8/2022,14:24:08.524,1.01924,200
8/8/2022,14:24:11.700,1.01928,50
8/8/2022,14:24:12.759,1.01926,200
8/8/2022,14:24:13.817,1.01927,50
8/8/2022,14:24:19.110,1.01926,150
8/8/2022,14:24:20.167,1.01926,50
8/8/2022,14:24:21.224,1.01928,50
8/8/2022,14:24:22.281,1.01932,50
8/8/2022,14:24:24.399,1.01927,300
8/8/2022,14:24:25.457,1.01927,200
8/8/2022,14:24:26.515,1.01927,150
8/8/2022,14:24:27.574,1.01928,50
8/8/2022,14:24:28.632,1.01927,100
8/8/2022,14:24:29.688,1.01928,100
8/8/2022,14:24:30.555,1.01928,99
8/8/2022,14:24:30.745,1.01927,250
8/8/2022,14:24:31.801,1.01926,150
8/8/2022,14:24:33.913,1.01925,50
8/8/2022,14:24:37.086,1.01924,350
8/8/2022,14:24:38.144,1.01925,150
8/8/2022,14:24:39.202,1.01924,150
8/8/2022,14:24:42.378,1.01919,100
8/8/2022,14:24:43.437,1.01917,250
8/8/2022,14:24:44.495,1.01919,150
8/8/2022,14:24:49.787,1.01915,150
8/8/2022,14:24:50.846,1.01916,50
8/8/2022,14:24:51.905,1.01912,200
8/8/2022,14:24:52.963,1.01911,200
8/8/2022,14:24:54.022,1.01905,150
8/8/2022,14:24:55.081,1.01905,50
8/8/2022,14:24:55.981,1.01905,49
8/8/2022,14:24:56.139,1.01899,50
8/8/2022,14:24:57.198,1.01898,150
8/8/2022,14:24:58.256,1.01896,100
8/8/2022,14:24:59.315,1.01894,150
8/8/2022,14:25:00.372,1.01897,50
8/8/2022,14:25:01.430,1.01912,250
8/8/2022,14:25:02.490,1.01910,300
8/8/2022,14:25:03.549,1.01908,200
8/8/2022,14:25:04.606,1.01908,300
8/8/2022,14:25:05.664,1.01908,150
8/8/2022,14:25:06.723,1.01902,150
8/8/2022,14:25:07.782,1.01903,200
8/8/2022,14:25:08.840,1.01904,50
8/8/2022,14:25:09.898,1.01903,200
8/8/2022,14:25:10.957,1.01907,150
8/8/2022,14:25:12.015,1.01899,150
8/8/2022,14:25:15.188,1.01899,50
8/8/2022,14:25:16.246,1.01898,150
8/8/2022,14:25:17.303,1.01898,200
8/8/2022,14:25:20.478,1.01898,150
8/8/2022,14:25:21.364,1.01898,149
8/8/2022,14:25:21.536,1.01908,200
8/8/2022,14:25:22.594,1.01901,150
8/8/2022,14:25:23.652,1.01901,300
8/8/2022,14:25:24.710,1.01898,150
8/8/2022,14:25:25.767,1.01901,50
8/8/2022,14:25:26.825,1.01903,150
8/8/2022,14:25:27.884,1.01908,50
8/8/2022,14:25:28.942,1.01913,50
8/8/2022,14:25:30.000,1.01912,400
8/8/2022,14:25:31.058,1.01912,300
8/8/2022,14:25:32.116,1.01913,50
8/8/2022,14:25:33.174,1.01916,200
8/8/2022,14:25:34.232,1.01917,50
8/8/2022,14:25:35.291,1.01917,200
8/8/2022,14:25:37.407,1.01919,100
8/8/2022,14:25:38.463,1.01919,50
8/8/2022,14:25:39.519,1.01917,200
8/8/2022,14:25:42.691,1.01918,50
8/8/2022,14:25:43.748,1.01920,150
8/8/2022,14:25:44.805,1.01919,100
8/8/2022,14:25:45.862,1.01919,150
8/8/2022,14:25:46.800,1.01919,149
8/8/2022,14:25:46.918,1.01920,50
8/8/2022,14:25:47.974,1.01920,200
8/8/2022,14:25:51.143,1.01921,100
8/8/2022,14:25:53.260,1.01928,50
8/8/2022,14:25:54.319,1.01924,150
8/8/2022,14:25:58.549,1.01922,200
8/8/2022,14:26:03.839,1.01915,200
8/8/2022,14:26:05.953,1.01915,150
8/8/2022,14:26:07.010,1.01917,200
8/8/2022,14:26:09.124,1.01913,150
8/8/2022,14:26:13.355,1.01912,250
8/8/2022,14:26:14.313,1.01912,249
8/8/2022,14:26:14.411,1.01912,250
8/8/2022,14:26:21.805,1.01908,160
8/8/2022,14:26:22.861,1.01904,101
8/8/2022,14:26:23.916,1.01906,100
8/8/2022,14:26:24.974,1.01905,150
8/8/2022,14:26:27.085,1.01907,50
8/8/2022,14:26:28.140,1.01906,150
8/8/2022,14:26:30.252,1.01904,1
8/8/2022,14:26:31.310,1.01904,154
8/8/2022,14:26:32.369,1.01904,150
8/8/2022,14:26:33.427,1.01902,4
8/8/2022,14:26:34.484,1.01893,301
8/8/2022,14:26:35.541,1.01894,100
8/8/2022,14:26:36.599,1.01892,150
8/8/2022,14:26:37.657,1.01892,250
8/8/2022,14:26:39.772,1.01886,110
8/8/2022,14:26:40.653,1.01886,109
8/8/2022,14:26:40.829,1.01876,300
8/8/2022,14:26:41.886,1.01877,50
8/8/2022,14:26:42.942,1.01877,300
8/8/2022,14:26:44.001,1.01879,100
8/8/2022,14:26:45.058,1.01879,200
8/8/2022,14:26:47.171,1.01882,100
8/8/2022,14:26:48.230,1.01882,200
8/8/2022,14:26:49.287,1.01888,200
8/8/2022,14:26:51.402,1.01887,50
8/8/2022,14:26:52.460,1.01887,200
8/8/2022,14:26:53.519,1.01888,150
8/8/2022,14:26:55.634,1.01889,50
8/8/2022,14:26:56.693,1.01888,150
8/8/2022,14:26:57.750,1.01889,100
8/8/2022,14:27:00.925,1.01889,150
8/8/2022,14:27:01.981,1.01890,100
8/8/2022,14:27:04.094,1.01891,150
8/8/2022,14:27:06.208,1.01891,200
8/8/2022,14:27:07.148,1.01891,199
8/8/2022,14:27:07.266,1.01891,150
8/8/2022,14:27:07.610,1.01891,149
8/8/2022,14:27:08.323,1.01892,250
8/8/2022,14:27:09.380,1.01892,50
8/8/2022,14:27:10.438,1.01894,150
8/8/2022,14:27:11.496,1.01893,150
8/8/2022,14:27:12.553,1.01888,150
8/8/2022,14:27:13.610,1.01882,100
8/8/2022,14:27:14.668,1.01882,300
8/8/2022,14:27:19.955,1.01884,150
8/8/2022,14:27:21.013,1.01884,250
8/8/2022,14:27:25.241,1.01887,150
8/8/2022,14:27:26.298,1.01887,50
8/8/2022,14:27:27.356,1.01887,150
8/8/2022,14:27:31.583,1.01890,100
8/8/2022,14:27:32.435,1.01890,99
8/8/2022,14:27:32.640,1.01890,100
8/8/2022,14:27:33.697,1.01891,150
8/8/2022,14:27:35.812,1.01897,50
8/8/2022,14:27:36.871,1.01892,300
8/8/2022,14:27:41.106,1.01888,250
8/8/2022,14:27:42.164,1.01889,50
8/8/2022,14:27:43.223,1.01888,250
8/8/2022,14:27:48.510,1.01882,250
8/8/2022,14:27:58.035,1.01883,150
8/8/2022,14:27:58.291,1.01883,149
8/8/2022,14:27:59.093,1.01883,150
8/8/2022,14:28:00.151,1.01885,100
8/8/2022,14:28:01.209,1.01883,100
8/8/2022,14:28:03.327,1.01888,200
8/8/2022,14:28:04.386,1.01893,250
8/8/2022,14:28:05.445,1.01893,150
8/8/2022,14:28:08.621,1.01892,200
8/8/2022,14:28:14.975,1.01889,250
8/8/2022,14:28:16.030,1.01892,200
8/8/2022,14:28:21.317,1.01892,250
8/8/2022,14:28:24.486,1.01890,150
8/8/2022,14:28:25.466,1.01890,149
8/8/2022,14:28:25.545,1.01891,100
8/8/2022,14:28:26.602,1.01892,50
8/8/2022,14:28:27.660,1.01899,150
8/8/2022,14:28:28.717,1.01898,150
8/8/2022,14:28:29.775,1.01898,200
8/8/2022,14:28:30.833,1.01899,150
8/8/2022,14:28:34.008,1.01901,100
8/8/2022,14:28:35.066,1.01902,300
8/8/2022,14:28:36.125,1.01902,150
8/8/2022,14:28:37.183,1.01901,200
8/8/2022,14:28:40.357,1.01904,200
8/8/2022,14:28:41.414,1.01906,150
8/8/2022,14:28:43.526,1.01907,50
8/8/2022,14:28:44.583,1.01906,250
8/8/2022,14:28:45.639,1.01908,150
8/8/2022,14:28:46.695,1.01913,150
8/8/2022,14:28:47.752,1.01908,3
8/8/2022,14:28:48.809,1.01904,250
8/8/2022,14:28:50.926,1.01906,100
8/8/2022,14:28:51.893,1.01906,99
8/8/2022,14:28:51.983,1.01904,101
8/8/2022,14:28:53.040,1.01904,150
8/8/2022,14:28:54.097,1.01904,100
8/8/2022,14:28:56.212,1.01906,100
8/8/2022,14:28:57.271,1.01906,150
8/8/2022,14:28:58.329,1.01903,150
8/8/2022,14:28:59.386,1.01901,1
8/8/2022,14:29:00.443,1.01897,300
8/8/2022,14:29:01.499,1.01898,150
8/8/2022,14:29:02.557,1.01900,100
8/8/2022,14:29:03.613,1.01903,350
8/8/2022,14:29:04.670,1.01905,100
8/8/2022,14:29:05.726,1.01905,200
8/8/2022,14:29:06.785,1.01906,200
8/8/2022,14:29:07.843,1.01907,100
8/8/2022,14:29:09.959,1.01919,100
8/8/2022,14:29:11.018,1.01924,100
8/8/2022,14:29:12.076,1.01923,200
8/8/2022,14:29:13.134,1.01924,100
8/8/2022,14:29:14.192,1.01923,250
8/8/2022,14:29:15.250,1.01924,100
8/8/2022,14:29:16.309,1.01923,150
8/8/2022,14:29:17.227,1.01923,149
8/8/2022,14:29:17.367,1.01924,100
8/8/2022,14:29:18.425,1.01923,150
8/8/2022,14:29:19.483,1.01924,50
8/8/2022,14:29:20.542,1.01916,100
8/8/2022,14:29:21.600,1.01914,177
8/8/2022,14:29:22.659,1.01913,200
8/8/2022,14:29:25.832,1.01914,250
8/8/2022,14:29:26.891,1.01908,300
8/8/2022,14:29:27.948,1.01911,100
8/8/2022,14:29:29.006,1.01910,100
8/8/2022,14:29:30.062,1.01908,250
8/8/2022,14:29:31.120,1.01907,201
8/8/2022,14:29:32.177,1.01909,100
8/8/2022,14:29:33.233,1.01914,100
8/8/2022,14:29:35.346,1.01912,250
8/8/2022,14:29:36.404,1.01913,100
8/8/2022,14:29:38.519,1.01913,200
8/8/2022,14:29:39.578,1.01914,150
8/8/2022,14:29:40.637,1.01914,250
8/8/2022,14:29:41.695,1.01915,100
8/8/2022,14:29:42.631,1.01915,99
8/8/2022,14:29:42.754,1.01915,100
8/8/2022,14:29:43.812,1.01915,200
8/8/2022,14:29:44.871,1.01915,250
8/8/2022,14:29:45.930,1.01917,100
8/8/2022,14:29:46.988,1.01916,200
8/8/2022,14:29:48.045,1.01917,100
8/8/2022,14:29:49.100,1.01917,150
8/8/2022,14:29:50.156,1.01929,100
8/8/2022,14:29:51.213,1.01925,16
8/8/2022,14:29:53.325,1.01919,50
8/8/2022,14:29:55.438,1.01917,102
8/8/2022,14:29:56.495,1.01917,2
8/8/2022,14:29:57.553,1.01916,100
8/8/2022,14:29:58.610,1.01914,152
8/8/2022,14:29:59.668,1.01915,100
8/8/2022,14:30:00.727,1.01909,50
8/8/2022,14:30:01.785,1.01909,100
8/8/2022,14:30:02.844,1.01910,50
8/8/2022,14:30:03.903,1.01909,100
8/8/2022,14:30:04.961,1.01910,100
8/8/2022,14:30:06.019,1.01909,200
8/8/2022,14:30:09.191,1.01908,150
8/8/2022,14:30:10.041,1.01908,149
8/8/2022,14:30:10.250,1.01904,100
8/8/2022,14:30:11.308,1.01900,200
8/8/2022,14:30:12.367,1.01899,100
8/8/2022,14:30:13.426,1.01900,150
8/8/2022,14:30:14.485,1.01898,201
8/8/2022,14:30:15.543,1.01898,1
8/8/2022,14:30:16.602,1.01905,100
8/8/2022,14:30:19.777,1.01903,200
8/8/2022,14:30:20.834,1.01904,300
8/8/2022,14:30:21.890,1.01905,100
8/8/2022,14:30:22.946,1.01907,300
8/8/2022,14:30:24.003,1.01907,200
8/8/2022,14:30:25.060,1.01909,100
8/8/2022,14:30:28.230,1.01914,250
8/8/2022,14:30:30.343,1.01914,100
8/8/2022,14:30:31.399,1.01915,250
8/8/2022,14:30:32.455,1.01918,200
8/8/2022,14:30:33.511,1.01917,150
8/8/2022,14:30:34.568,1.01919,200
8/8/2022,14:30:35.625,1.01922,100
8/8/2022,14:30:36.583,1.01922,99
8/8/2022,14:30:36.681,1.01915,250
8/8/2022,14:30:37.737,1.01915,350
8/8/2022,14:30:38.793,1.01916,150
8/8/2022,14:30:40.906,1.01916,100
8/8/2022,14:30:41.965,1.01915,200
8/8/2022,14:30:44.076,1.01916,250
8/8/2022,14:30:45.132,1.01916,100
8/8/2022,14:30:46.188,1.01924,200
8/8/2022,14:30:47.246,1.01916,200
8/8/2022,14:30:49.362,1.01918,250
8/8/2022,14:30:50.419,1.01916,250
8/8/2022,14:30:51.477,1.01915,101
8/8/2022,14:30:52.536,1.01915,1
8/8/2022,14:30:54.652,1.01916,200
8/8/2022,14:30:57.828,1.01915,1
8/8/2022,14:30:58.886,1.01907,252
8/8/2022,14:30:59.945,1.01908,150
8/8/2022,14:31:00.815,1.01908,149
8/8/2022,14:31:01.003,1.01912,300
8/8/2022,14:31:02.062,1.01911,1
8/8/2022,14:31:03.121,1.01909,200
8/8/2022,14:31:04.180,1.01910,100
8/8/2022,14:31:05.238,1.01909,300
8/8/2022,14:31:06.296,1.01911,150
8/8/2022,14:31:07.353,1.01915,200
8/8/2022,14:31:08.412,1.01921,200
8/8/2022,14:31:09.470,1.01922,302
8/8/2022,14:31:10.529,1.01923,150
8/8/2022,14:31:13.704,1.01921,200
8/8/2022,14:31:14.762,1.01916,250
8/8/2022,14:31:15.820,1.01916,200
8/8/2022,14:31:16.879,1.01919,350
8/8/2022,14:31:17.938,1.01919,200
8/8/2022,14:31:18.997,1.01918,300
8/8/2022,14:31:21.115,1.01918,150
8/8/2022,14:31:24.290,1.01919,200
8/8/2022,14:31:25.348,1.01919,150
8/8/2022,14:31:26.264,1.01919,149
8/8/2022,14:31:26.405,1.01919,250
8/8/2022,14:31:28.519,1.01917,100
8/8/2022,14:31:29.574,1.01916,200
8/8/2022,14:31:32.749,1.01915,150
8/8/2022,14:31:33.806,1.01906,151
8/8/2022,14:31:34.864,1.01901,200
8/8/2022,14:31:36.980,1.01903,350
8/8/2022,14:31:38.036,1.01903,150
8/8/2022,14:31:42.264,1.01903,200
8/8/2022,14:31:43.322,1.01899,150
8/8/2022,14:31:44.380,1.01899,250
8/8/2022,14:31:47.557,1.01899,200
8/8/2022,14:31:48.615,1.01898,200
8/8/2022,14:31:50.733,1.01899,150
8/8/2022,14:31:51.634,1.01899,149
8/8/2022,14:31:51.792,1.01901,200
8/8/2022,14:31:52.850,1.01899,207
8/8/2022,14:31:54.965,1.01899,7
8/8/2022,14:31:57.082,1.01898,200
8/8/2022,14:31:58.140,1.01898,250
8/8/2022,14:31:59.196,1.01898,200
8/8/2022,14:32:00.253,1.01901,100
8/8/2022,14:32:01.310,1.01901,150
8/8/2022,14:32:03.424,1.01899,200
8/8/2022,14:32:06.326,1.01899,199
8/8/2022,14:32:06.597,1.01899,200
8/8/2022,14:32:08.710,1.01902,250
8/8/2022,14:32:10.824,1.01902,150
8/8/2022,14:32:11.882,1.01900,100
8/8/2022,14:32:12.939,1.01899,200
8/8/2022,14:32:16.111,1.01898,251
8/8/2022,14:32:16.978,1.01898,250
8/8/2022,14:32:17.169,1.01898,151
8/8/2022,14:32:22.456,1.01908,250
8/8/2022,14:32:23.513,1.01909,200
8/8/2022,14:32:25.627,1.01906,150
8/8/2022,14:32:27.740,1.01893,101
8/8/2022,14:32:29.856,1.01884,50
8/8/2022,14:32:30.915,1.01887,100
8/8/2022,14:32:31.973,1.01887,50
8/8/2022,14:32:34.091,1.01889,50
8/8/2022,14:32:35.150,1.01868,50
8/8/2022,14:32:36.209,1.01869,200
8/8/2022,14:32:37.267,1.01869,150
8/8/2022,14:32:38.326,1.01873,50
8/8/2022,14:32:39.385,1.01876,50
8/8/2022,14:32:40.444,1.01872,150
8/8/2022,14:32:42.561,1.01871,50
8/8/2022,14:32:43.489,1.01871,49
8/8/2022,14:32:43.619,1.01871,150
8/8/2022,14:32:44.676,1.01869,50
8/8/2022,14:32:45.734,1.01868,50
8/8/2022,14:32:46.793,1.01862,50
8/8/2022,14:32:47.852,1.01863,50
8/8/2022,14:32:48.910,1.01862,50
8/8/2022,14:32:49.968,1.01863,100
8/8/2022,14:32:51.025,1.01861,104
8/8/2022,14:32:52.082,1.01860,100
8/8/2022,14:32:53.140,1.01858,6
8/8/2022,14:32:54.198,1.01860,50
8/8/2022,14:32:55.257,1.01862,50
8/8/2022,14:32:56.316,1.01860,50
8/8/2022,14:32:57.374,1.01860,100
8/8/2022,14:32:58.432,1.01859,55
8/8/2022,14:32:59.491,1.01862,50
8/8/2022,14:33:02.661,1.01861,50
8/8/2022,14:33:03.719,1.01858,150
8/8/2022,14:33:04.776,1.01861,200
8/8/2022,14:33:05.836,1.01867,50
8/8/2022,14:33:07.951,1.01876,50
8/8/2022,14:33:08.843,1.01876,49
8/8/2022,14:33:09.009,1.01877,1
8/8/2022,14:33:10.066,1.01879,300
8/8/2022,14:33:11.122,1.01878,150
8/8/2022,14:33:12.180,1.01879,50
8/8/2022,14:33:13.237,1.01877,51
8/8/2022,14:33:14.294,1.01878,100
8/8/2022,14:33:15.352,1.01884,50
8/8/2022,14:33:16.408,1.01875,100
8/8/2022,14:33:17.466,1.01874,150
8/8/2022,14:33:18.524,1.01877,100
8/8/2022,14:33:19.582,1.01875,100
8/8/2022,14:33:20.641,1.01874,205
8/8/2022,14:33:21.700,1.01875,100
8/8/2022,14:33:22.759,1.01875,150
8/8/2022,14:33:24.876,1.01877,50
8/8/2022,14:33:25.935,1.01876,200
8/8/2022,14:33:26.993,1.01877,100
8/8/2022,14:33:28.050,1.01876,250
8/8/2022,14:33:29.108,1.01877,100
8/8/2022,14:33:31.226,1.01886,200
8/8/2022,14:33:32.284,1.01884,150
8/8/2022,14:33:33.342,1.01883,50
8/8/2022,14:33:34.206,1.01883,49
8/8/2022,14:33:34.400,1.01883,50
8/8/2022,14:33:35.457,1.01883,100
8/8/2022,14:33:36.514,1.01883,150
8/8/2022,14:33:37.570,1.01885,100
8/8/2022,14:33:38.626,1.01884,150
8/8/2022,14:33:40.739,1.01884,200
8/8/2022,14:33:42.852,1.01885,100
8/8/2022,14:33:43.910,1.01885,200
8/8/2022,14:33:44.968,1.01887,100
8/8/2022,14:33:46.026,1.01883,200
8/8/2022,14:33:47.083,1.01884,150
8/8/2022,14:33:48.139,1.01885,150
8/8/2022,14:33:49.195,1.01884,150
8/8/2022,14:33:51.311,1.01882,2
8/8/2022,14:33:52.368,1.01880,200
8/8/2022,14:33:53.426,1.01880,150
8/8/2022,14:33:57.657,1.01878,150
8/8/2022,14:33:59.578,1.01878,149
8/8/2022,14:33:59.773,1.01878,150
8/8/2022,14:34:00.831,1.01884,200
8/8/2022,14:34:01.888,1.01880,150
8/8/2022,14:34:02.946,1.01880,200
8/8/2022,14:34:04.003,1.01880,150
8/8/2022,14:34:07.176,1.01879,250
8/8/2022,14:34:09.290,1.01880,150
8/8/2022,14:34:11.404,1.01882,100
8/8/2022,14:34:12.461,1.01880,350
8/8/2022,14:34:13.518,1.01880,150
8/8/2022,14:34:14.574,1.01879,250
8/8/2022,14:34:15.631,1.01879,200
8/8/2022,14:34:16.689,1.01879,400
8/8/2022,14:34:17.748,1.01879,300
8/8/2022,14:34:19.865,1.01878,200
8/8/2022,14:34:20.923,1.01880,100
8/8/2022,14:34:21.982,1.01879,300
8/8/2022,14:34:24.097,1.01879,150
8/8/2022,14:34:24.972,1.01879,149
8/8/2022,14:34:25.153,1.01878,200
8/8/2022,14:34:26.209,1.01874,150
8/8/2022,14:34:28.324,1.01871,100
8/8/2022,14:34:30.440,1.01858,250
8/8/2022,14:34:31.498,1.01859,100
8/8/2022,14:34:32.555,1.01860,100
8/8/2022,14:34:33.614,1.01860,250
8/8/2022,14:34:34.673,1.01860,300
8/8/2022,14:34:35.731,1.01860,250
8/8/2022,14:34:36.790,1.01867,200
8/8/2022,14:34:37.849,1.01869,350
8/8/2022,14:34:39.964,1.01869,300
8/8/2022,14:34:41.021,1.01870,100
8/8/2022,14:34:42.079,1.01876,50
8/8/2022,14:34:43.137,1.01876,250
8/8/2022,14:34:45.253,1.01876,300
8/8/2022,14:34:46.309,1.01878,150
8/8/2022,14:34:47.366,1.01878,250
8/8/2022,14:34:49.478,1.01878,200
8/8/2022,14:34:50.328,1.01878,199
8/8/2022,14:34:50.535,1.01878,200
8/8/2022,14:34:51.591,1.01878,150
8/8/2022,14:34:52.648,1.01873,250
8/8/2022,14:34:53.706,1.01872,300
8/8/2022,14:34:54.764,1.01872,200
8/8/2022,14:34:55.821,1.01875,150
8/8/2022,14:34:56.878,1.01876,150
8/8/2022,14:34:57.175,1.01876,149
8/8/2022,14:34:57.936,1.01876,250
8/8/2022,14:34:58.992,1.01878,150
8/8/2022,14:35:00.050,1.01878,250
8/8/2022,14:35:01.109,1.01878,150
8/8/2022,14:35:02.166,1.01879,200
8/8/2022,14:35:03.223,1.01880,300
8/8/2022,14:35:04.281,1.01885,100
8/8/2022,14:35:05.338,1.01882,150
8/8/2022,14:35:06.395,1.01883,150
8/8/2022,14:35:07.453,1.01883,200
8/8/2022,14:35:08.510,1.01883,150
8/8/2022,14:35:09.570,1.01880,250
8/8/2022,14:35:11.688,1.01882,150
8/8/2022,14:35:14.861,1.01881,200
8/8/2022,14:35:15.731,1.01881,199
8/8/2022,14:35:15.918,1.01881,200
8/8/2022,14:35:18.032,1.01883,200
8/8/2022,14:35:19.089,1.01883,150
8/8/2022,14:35:20.145,1.01882,200
8/8/2022,14:35:21.202,1.01883,100
8/8/2022,14:35:23.317,1.01884,150
8/8/2022,14:35:25.434,1.01883,150
8/8/2022,14:35:28.608,1.01880,150
8/8/2022,14:35:29.666,1.01880,400
8/8/2022,14:35:30.725,1.01878,200
8/8/2022,14:35:31.782,1.01879,200
8/8/2022,14:35:40.241,1.01874,400
8/8/2022,14:35:41.124,1.01874,399
8/8/2022,14:35:41.298,1.01874,450
8/8/2022,14:35:42.357,1.01874,200
8/8/2022,14:35:44.474,1.01872,150
8/8/2022,14:35:45.531,1.01873,150
8/8/2022,14:35:47.648,1.01875,100
8/8/2022,14:35:48.707,1.01875,150
8/8/2022,14:35:50.824,1.01877,250
8/8/2022,14:35:51.882,1.01877,300
8/8/2022,14:35:52.941,1.01879,150
8/8/2022,14:35:58.230,1.01879,125
8/8/2022,14:35:59.288,1.01878,225
8/8/2022,14:36:00.345,1.01878,275
8/8/2022,14:36:01.402,1.01880,150
8/8/2022,14:36:02.460,1.01883,200
8/8/2022,14:36:04.575,1.01883,150
8/8/2022,14:36:05.632,1.01883,250
8/8/2022,14:36:06.505,1.01883,249
8/8/2022,14:36:06.688,1.01884,350
8/8/2022,14:36:07.745,1.01886,300
8/8/2022,14:36:08.803,1.01882,200
8/8/2022,14:36:09.860,1.01883,150
8/8/2022,14:36:10.917,1.01882,250
8/8/2022,14:36:11.975,1.01883,100
8/8/2022,14:36:13.034,1.01885,250
8/8/2022,14:36:14.093,1.01887,250
8/8/2022,14:36:16.208,1.01885,250
8/8/2022,14:36:18.321,1.01885,50
8/8/2022,14:36:19.378,1.01883,150
8/8/2022,14:36:22.548,1.01883,300
8/8/2022,14:36:23.604,1.01883,200
8/8/2022,14:36:24.660,1.01883,150
8/8/2022,14:36:25.717,1.01881,100
8/8/2022,14:36:27.829,1.01883,100
8/8/2022,14:36:29.942,1.01886,300
8/8/2022,14:36:30.999,1.01886,250
8/8/2022,14:36:31.944,1.01886,249
8/8/2022,14:36:32.056,1.01884,250
8/8/2022,14:36:33.115,1.01882,300
8/8/2022,14:36:35.232,1.01883,150
8/8/2022,14:36:36.290,1.01884,50
8/8/2022,14:36:37.346,1.01875,150
8/8/2022,14:36:39.460,1.01874,150
8/8/2022,14:36:40.517,1.01874,100
8/8/2022,14:36:42.629,1.01869,200
8/8/2022,14:36:43.685,1.01871,100
8/8/2022,14:36:44.741,1.01870,250
8/8/2022,14:36:50.023,1.01871,100
8/8/2022,14:36:51.081,1.01870,250
8/8/2022,14:36:53.193,1.01876,100
8/8/2022,14:36:54.250,1.01876,50
8/8/2022,14:36:58.160,1.01876,49
8/8/2022,14:36:58.477,1.01874,50
8/8/2022,14:36:59.534,1.01874,150
8/8/2022,14:37:03.766,1.01870,100
8/8/2022,14:37:04.823,1.01868,100
8/8/2022,14:37:05.881,1.01865,50
8/8/2022,14:37:07.823,1.01865,49
8/8/2022,14:37:07.997,1.01865,50
8/8/2022,14:37:10.115,1.01861,200
8/8/2022,14:37:13.291,1.01862,250
8/8/2022,14:37:15.407,1.01862,200
8/8/2022,14:37:17.519,1.01860,100
8/8/2022,14:37:19.636,1.01859,200
8/8/2022,14:37:20.694,1.01860,100
8/8/2022,14:37:22.812,1.01842,50
8/8/2022,14:37:23.631,1.01842,49
8/8/2022,14:37:23.871,1.01841,300
8/8/2022,14:37:24.930,1.01839,200
8/8/2022,14:37:25.988,1.01841,300
8/8/2022,14:37:29.164,1.01842,250
8/8/2022,14:37:31.281,1.01837,200
8/8/2022,14:37:32.340,1.01840,250
8/8/2022,14:37:33.398,1.01842,50
8/8/2022,14:37:34.457,1.01844,50
8/8/2022,14:37:35.515,1.01842,150
8/8/2022,14:37:36.574,1.01841,250
8/8/2022,14:37:37.630,1.01843,200
8/8/2022,14:37:45.037,1.01845,100
8/8/2022,14:37:48.211,1.01844,100
8/8/2022,14:37:49.162,1.01844,99
8/8/2022,14:37:49.269,1.01844,100
8/8/2022,14:37:50.328,1.01845,50
8/8/2022,14:37:51.386,1.01844,100
8/8/2022,14:37:52.445,1.01843,150
8/8/2022,14:37:53.504,1.01843,200
8/8/2022,14:37:57.739,1.01844,150
8/8/2022,14:37:58.797,1.01844,100
8/8/2022,14:38:06.203,1.01844,150
8/8/2022,14:38:07.261,1.01852,100
8/8/2022,14:38:08.320,1.01851,200
8/8/2022,14:38:09.378,1.01851,150
8/8/2022,14:38:11.494,1.01853,250
8/8/2022,14:38:12.552,1.01849,200
8/8/2022,14:38:13.610,1.01850,150
8/8/2022,14:38:14.499,1.01850,149
8/8/2022,14:38:14.668,1.01850,150
8/8/2022,14:38:17.839,1.01850,50
8/8/2022,14:38:18.895,1.01849,150
8/8/2022,14:38:21.008,1.01850,50
8/8/2022,14:38:22.065,1.01849,400
8/8/2022,14:38:23.123,1.01849,150
8/8/2022,14:38:36.871,1.01850,150
8/8/2022,14:38:40.043,1.01860,150
8/8/2022,14:38:40.893,1.01860,149
8/8/2022,14:38:41.101,1.01861,150
8/8/2022,14:38:42.158,1.01856,164
8/8/2022,14:38:44.275,1.01857,150
8/8/2022,14:38:45.333,1.01856,100
8/8/2022,14:38:46.392,1.01858,150
8/8/2022,14:38:47.450,1.01856,150
8/8/2022,14:38:49.566,1.01857,200
8/8/2022,14:38:51.682,1.01857,150
8/8/2022,14:38:52.740,1.01857,200
8/8/2022,14:38:54.856,1.01856,150
8/8/2022,14:38:55.914,1.01856,300
8/8/2022,14:38:56.973,1.01857,200
8/8/2022,14:38:59.089,1.01858,200
8/8/2022,14:39:02.266,1.01859,300
8/8/2022,14:39:03.324,1.01859,250
8/8/2022,14:39:04.383,1.01857,150
8/8/2022,14:39:05.442,1.01847,152
8/8/2022,14:39:06.314,1.01847,151
8/8/2022,14:39:06.498,1.01847,152
8/8/2022,14:39:07.555,1.01847,102
8/8/2022,14:39:08.613,1.01854,150
8/8/2022,14:39:10.726,1.01852,200
8/8/2022,14:39:11.782,1.01854,300
8/8/2022,14:39:12.840,1.01854,150
8/8/2022,14:39:18.132,1.01853,300
8/8/2022,14:39:19.191,1.01853,200
8/8/2022,14:39:20.249,1.01854,200
8/8/2022,14:39:21.308,1.01855,150
8/8/2022,14:39:22.365,1.01858,100
8/8/2022,14:39:23.424,1.01857,200
8/8/2022,14:39:24.482,1.01859,150
8/8/2022,14:39:25.540,1.01869,200
8/8/2022,14:39:26.599,1.01869,150
8/8/2022,14:39:29.773,1.01873,350
8/8/2022,14:39:30.832,1.01870,100
8/8/2022,14:39:31.647,1.01870,99
8/8/2022,14:39:31.890,1.01869,5
8/8/2022,14:39:36.123,1.01868,100
8/8/2022,14:39:37.181,1.01868,150
8/8/2022,14:39:38.239,1.01867,250
8/8/2022,14:39:39.298,1.01872,200
8/8/2022,14:39:40.355,1.01871,150
8/8/2022,14:39:41.413,1.01872,300
8/8/2022,14:39:42.470,1.01878,150
8/8/2022,14:39:46.704,1.01878,200
8/8/2022,14:39:47.762,1.01877,250
8/8/2022,14:39:48.818,1.01876,150
8/8/2022,14:39:53.044,1.01874,150
8/8/2022,14:39:55.158,1.01873,150
8/8/2022,14:39:56.216,1.01872,200
8/8/2022,14:39:57.127,1.01872,199
8/8/2022,14:39:57.274,1.01873,150
8/8/2022,14:39:58.333,1.01872,200
8/8/2022,14:39:59.390,1.01872,150
8/8/2022,14:40:00.448,1.01873,100
8/8/2022,14:40:02.566,1.01872,200
8/8/2022,14:40:03.624,1.01882,100
8/8/2022,14:40:04.682,1.01884,150
8/8/2022,14:40:06.796,1.01883,200
8/8/2022,14:40:07.853,1.01885,250
8/8/2022,14:40:08.912,1.01885,150
8/8/2022,14:40:12.084,1.01883,150
8/8/2022,14:40:13.141,1.01881,201
8/8/2022,14:40:14.197,1.01881,150
8/8/2022,14:40:18.427,1.01879,150
8/8/2022,14:40:22.435,1.01879,149
8/8/2022,14:40:22.655,1.01879,150
8/8/2022,14:40:25.829,1.01878,1
8/8/2022,14:40:26.888,1.01881,300
8/8/2022,14:40:27.947,1.01881,150
8/8/2022,14:40:30.063,1.01887,100
8/8/2022,14:40:31.121,1.01886,150
8/8/2022,14:40:33.236,1.01885,350
8/8/2022,14:40:34.294,1.01885,250
8/8/2022,14:40:36.409,1.01890,150
8/8/2022,14:40:38.525,1.01898,150
8/8/2022,14:40:41.700,1.01898,300
8/8/2022,14:40:42.757,1.01899,150
8/8/2022,14:40:43.813,1.01900,100
8/8/2022,14:40:45.929,1.01902,100
8/8/2022,14:40:50.157,1.01903,100
8/8/2022,14:40:51.089,1.01903,99
8/8/2022,14:40:51.213,1.01903,100
8/8/2022,14:40:53.328,1.01903,30
8/8/2022,14:41:00.734,1.01905,50
8/8/2022,14:41:01.790,1.01903,200
8/8/2022,14:41:02.846,1.01904,100
8/8/2022,14:41:03.903,1.01904,50
8/8/2022,14:41:07.072,1.01906,50
8/8/2022,14:41:08.129,1.01906,100
8/8/2022,14:41:09.186,1.01906,50
8/8/2022,14:41:12.355,1.01905,50
8/8/2022,14:41:14.468,1.01903,100
8/8/2022,14:41:18.692,1.01903,50
8/8/2022,14:41:19.602,1.01903,49
8/8/2022,14:41:19.748,1.01903,50
8/8/2022,14:41:21.860,1.01908,50
8/8/2022,14:41:34.543,1.01909,50
8/8/2022,14:41:35.599,1.01918,50
8/8/2022,14:41:36.657,1.01923,50
8/8/2022,14:41:37.715,1.01922,150
8/8/2022,14:41:38.774,1.01921,3
8/8/2022,14:41:39.833,1.01919,200
8/8/2022,14:41:46.181,1.01925,150
8/8/2022,14:41:47.000,1.01925,149
8/8/2022,14:41:47.237,1.01924,150
8/8/2022,14:41:48.295,1.01923,150
8/8/2022,14:41:49.352,1.01926,200
8/8/2022,14:41:50.409,1.01924,150
8/8/2022,14:41:51.466,1.01923,151
8/8/2022,14:41:52.523,1.01923,50
8/8/2022,14:41:57.812,1.01923,150
8/8/2022,14:41:58.870,1.01922,252
8/8/2022,14:42:00.986,1.01922,50
8/8/2022,14:42:02.043,1.01922,150
8/8/2022,14:42:06.511,1.01922,149
8/8/2022,14:42:07.331,1.01922,150
8/8/2022,14:42:08.388,1.01922,50
8/8/2022,14:42:10.504,1.01924,100
8/8/2022,14:42:11.562,1.01925,200
8/8/2022,14:42:12.524,1.01925,199
8/8/2022,14:42:12.621,1.01925,150
8/8/2022,14:42:13.680,1.01923,150
8/8/2022,14:42:14.739,1.01926,200
8/8/2022,14:42:15.798,1.01924,150
8/8/2022,14:42:16.856,1.01925,150
8/8/2022,14:42:18.973,1.01926,100
8/8/2022,14:42:20.032,1.01924,150
8/8/2022,14:42:21.090,1.01922,200
8/8/2022,14:42:23.205,1.01923,150
8/8/2022,14:42:25.322,1.01923,100
8/8/2022,14:42:26.381,1.01925,100
8/8/2022,14:42:27.437,1.01924,200
8/8/2022,14:42:28.496,1.01924,150
8/8/2022,14:42:30.613,1.01922,200
8/8/2022,14:42:31.672,1.01922,100
8/8/2022,14:42:34.844,1.01924,100
8/8/2022,14:42:36.961,1.01923,99
8/8/2022,14:42:37.805,1.01923,99
8/8/2022,14:42:38.018,1.01923,50
8/8/2022,14:42:39.077,1.01922,50
8/8/2022,14:42:41.192,1.01923,100
8/8/2022,14:42:42.250,1.01927,100
8/8/2022,14:42:46.483,1.01930,49
8/8/2022,14:42:47.542,1.01928,50
8/8/2022,14:42:48.601,1.01926,50
8/8/2022,14:42:49.660,1.01927,150
8/8/2022,14:42:50.718,1.01926,200
8/8/2022,14:42:52.835,1.01927,300
8/8/2022,14:42:58.129,1.01936,300
8/8/2022,14:42:59.188,1.01936,200
8/8/2022,14:43:02.361,1.01937,200
8/8/2022,14:43:03.418,1.01938,150
8/8/2022,14:43:03.757,1.01938,149
8/8/2022,14:43:04.477,1.01937,250
8/8/2022,14:43:05.534,1.01936,200
8/8/2022,14:43:06.591,1.01942,100
8/8/2022,14:43:07.648,1.01943,50
8/8/2022,14:43:09.766,1.01940,250
8/8/2022,14:43:10.825,1.01940,150
8/8/2022,14:43:13.998,1.01943,100
8/8/2022,14:43:15.056,1.01949,150
8/8/2022,14:43:16.113,1.01949,200
8/8/2022,14:43:17.172,1.01952,200
8/8/2022,14:43:19.288,1.01949,300
8/8/2022,14:43:20.345,1.01949,150
8/8/2022,14:43:21.402,1.01947,100
8/8/2022,14:43:22.461,1.01946,200
8/8/2022,14:43:23.518,1.01945,300
8/8/2022,14:43:24.575,1.01945,100
8/8/2022,14:43:25.633,1.01953,400
8/8/2022,14:43:26.691,1.01953,200
8/8/2022,14:43:27.749,1.01954,300
8/8/2022,14:43:28.592,1.01954,299
8/8/2022,14:43:28.806,1.01954,147
8/8/2022,14:43:30.921,1.01952,200
8/8/2022,14:43:31.979,1.01953,200
8/8/2022,14:43:33.036,1.01952,400
8/8/2022,14:43:36.208,1.01952,190
8/8/2022,14:43:37.267,1.01952,290
8/8/2022,14:43:39.381,1.01952,90
8/8/2022,14:43:40.438,1.01952,100
8/8/2022,14:43:49.963,1.01952,50
8/8/2022,14:43:51.022,1.01957,250
8/8/2022,14:43:52.080,1.01957,400
8/8/2022,14:43:53.138,1.01957,150
8/8/2022,14:43:53.997,1.01957,149
8/8/2022,14:43:54.197,1.01956,200
8/8/2022,14:43:55.255,1.01953,144
8/8/2022,14:43:56.314,1.01952,244
8/8/2022,14:43:57.372,1.01952,144
8/8/2022,14:43:58.431,1.01953,50
8/8/2022,14:43:59.490,1.01953,149
8/8/2022,14:44:00.549,1.01952,100
8/8/2022,14:44:01.608,1.01952,200
8/8/2022,14:44:02.666,1.01952,300
8/8/2022,14:44:03.723,1.01952,200
8/8/2022,14:44:04.780,1.01954,150
8/8/2022,14:44:05.839,1.01952,100
8/8/2022,14:44:06.897,1.01952,150
8/8/2022,14:44:07.955,1.01952,100
8/8/2022,14:44:11.128,1.01952,50
8/8/2022,14:44:12.186,1.01952,200
8/8/2022,14:44:13.244,1.01952,100
8/8/2022,14:44:14.302,1.01951,250
8/8/2022,14:44:15.360,1.01952,200
8/8/2022,14:44:18.536,1.01953,100
8/8/2022,14:44:19.464,1.01953,99
8/8/2022,14:44:19.594,1.01951,350
8/8/2022,14:44:20.653,1.01952,100
8/8/2022,14:44:21.710,1.01955,150
8/8/2022,14:44:22.767,1.01952,250
8/8/2022,14:44:24.884,1.01954,150
8/8/2022,14:44:28.059,1.01953,150
8/8/2022,14:44:30.171,1.01953,250
8/8/2022,14:44:31.228,1.01953,200
8/8/2022,14:44:32.285,1.01953,250
8/8/2022,14:44:33.343,1.01953,50
8/8/2022,14:44:45.893,1.01953,49
8/8/2022,14:44:46.035,1.01953,50
8/8/2022,14:44:47.091,1.01953,150
8/8/2022,14:44:48.148,1.01953,50
8/8/2022,14:44:53.429,1.01954,50
8/8/2022,14:44:55.541,1.01953,150
8/8/2022,14:44:58.710,1.01957,50
8/8/2022,14:44:59.766,1.01956,150
8/8/2022,14:45:00.823,1.01954,100
8/8/2022,14:45:01.879,1.01952,100
8/8/2022,14:45:05.048,1.01949,150
8/8/2022,14:45:06.104,1.01954,150
8/8/2022,14:45:08.217,1.01955,150
8/8/2022,14:45:09.273,1.01957,100
8/8/2022,14:45:10.329,1.01963,200
8/8/2022,14:45:11.272,1.01963,199
8/8/2022,14:45:11.385,1.01961,50
8/8/2022,14:45:12.441,1.01960,252
8/8/2022,14:45:13.498,1.01961,100
8/8/2022,14:45:14.555,1.01961,200
8/8/2022,14:45:15.614,1.01954,200
8/8/2022,14:45:16.672,1.01957,250
8/8/2022,14:45:17.731,1.01960,50
8/8/2022,14:45:18.790,1.01958,250
8/8/2022,14:45:19.848,1.01959,200
8/8/2022,14:45:21.962,1.01960,50
8/8/2022,14:45:23.018,1.01962,200
8/8/2022,14:45:25.132,1.01962,300
8/8/2022,14:45:26.191,1.01962,150
8/8/2022,14:45:27.250,1.01962,250
8/8/2022,14:45:30.424,1.01962,150
8/8/2022,14:45:31.481,1.01962,50
8/8/2022,14:45:32.540,1.01960,152
8/8/2022,14:45:35.717,1.01957,202
8/8/2022,14:45:36.538,1.01957,202
8/8/2022,14:45:36.775,1.01957,202
8/8/2022,14:45:38.893,1.01957,50
8/8/2022,14:45:42.068,1.01955,302
8/8/2022,14:45:43.126,1.01957,100
8/8/2022,14:45:44.185,1.01958,200
8/8/2022,14:45:46.301,1.01962,200
8/8/2022,14:45:47.360,1.01962,100
8/8/2022,14:45:52.654,1.01962,200
8/8/2022,14:45:53.711,1.01977,150
8/8/2022,14:45:54.770,1.01977,99
8/8/2022,14:45:55.828,1.01978,49
8/8/2022,14:45:57.945,1.01978,47
8/8/2022,14:45:59.004,1.01977,50
8/8/2022,14:46:01.121,1.01972,150
8/8/2022,14:46:01.931,1.01972,149
8/8/2022,14:46:02.180,1.01970,202
8/8/2022,14:46:03.239,1.01967,250
8/8/2022,14:46:04.298,1.01965,202
8/8/2022,14:46:06.415,1.01967,100
8/8/2022,14:46:08.532,1.01972,100
8/8/2022,14:46:09.591,1.01973,50
8/8/2022,14:46:12.767,1.01968,50
8/8/2022,14:46:13.826,1.01967,50
8/8/2022,14:46:19.118,1.01965,352
8/8/2022,14:46:20.177,1.01967,100
8/8/2022,14:46:21.236,1.01964,300
8/8/2022,14:46:22.295,1.01964,100
8/8/2022,14:46:26.528,1.01963,150
8/8/2022,14:46:27.398,1.01963,149
8/8/2022,14:46:27.586,1.01963,150
8/8/2022,14:46:30.763,1.01962,302
8/8/2022,14:46:31.822,1.01962,296
8/8/2022,14:46:32.881,1.01962,196
8/8/2022,14:46:39.224,1.01965,150
8/8/2022,14:46:41.340,1.01966,100
8/8/2022,14:46:42.398,1.01965,150
8/8/2022,14:46:43.457,1.01965,200
8/8/2022,14:46:44.515,1.01967,100
8/8/2022,14:46:45.573,1.01965,150
8/8/2022,14:46:46.629,1.01963,100
8/8/2022,14:46:47.685,1.01964,100
8/8/2022,14:46:48.741,1.01964,150
8/8/2022,14:46:49.798,1.01964,144
8/8/2022,14:46:56.137,1.01971,200
8/8/2022,14:46:56.835,1.01971,199
8/8/2022,14:46:57.195,1.01971,150
8/8/2022,14:47:01.430,1.01970,152
8/8/2022,14:47:02.488,1.01968,200
8/8/2022,14:47:03.546,1.01969,100
8/8/2022,14:47:04.605,1.01970,200
8/8/2022,14:47:07.126,1.01970,199
8/8/2022,14:47:07.780,1.01972,100
8/8/2022,14:47:08.838,1.01971,100
8/8/2022,14:47:13.073,1.01971,200
8/8/2022,14:47:14.131,1.01973,200
8/8/2022,14:47:15.189,1.01974,200
8/8/2022,14:47:18.359,1.01975,100
8/8/2022,14:47:21.531,1.01974,300
8/8/2022,14:47:22.589,1.01974,150
8/8/2022,14:47:23.648,1.01977,100
8/8/2022,14:47:26.820,1.01978,100
8/8/2022,14:47:27.876,1.01977,200
8/8/2022,14:47:28.933,1.01978,100
8/8/2022,14:47:31.045,1.01977,350
8/8/2022,14:47:32.100,1.01977,200
8/8/2022,14:47:39.500,1.01983,200
8/8/2022,14:47:40.557,1.01981,250
8/8/2022,14:47:41.615,1.01981,150
8/8/2022,14:47:42.673,1.01982,200
8/8/2022,14:47:43.731,1.01982,100
8/8/2022,14:47:44.790,1.01984,100
8/8/2022,14:47:45.848,1.01982,200
8/8/2022,14:47:46.907,1.01981,300
8/8/2022,14:47:47.965,1.01983,150
8/8/2022,14:47:49.023,1.01982,150
8/8/2022,14:47:53.256,1.01979,251
8/8/2022,14:47:54.315,1.01978,150
8/8/2022,14:47:55.372,1.01980,100
8/8/2022,14:47:58.543,1.01979,200
8/8/2022,14:47:59.599,1.01979,150
8/8/2022,14:48:00.657,1.01976,150
8/8/2022,14:48:01.714,1.01975,152
8/8/2022,14:48:03.827,1.01971,255
8/8/2022,14:48:05.940,1.01973,100
8/8/2022,14:48:08.053,1.01971,350
8/8/2022,14:48:09.111,1.01977,100
8/8/2022,14:48:10.168,1.01977,200
8/8/2022,14:48:11.224,1.01978,100
8/8/2022,14:48:14.398,1.01986,150
8/8/2022,14:48:15.457,1.01986,200
8/8/2022,14:48:18.627,1.01986,300
8/8/2022,14:48:20.742,1.01986,200
8/8/2022,14:48:22.857,1.01987,150
8/8/2022,14:48:24.971,1.01984,211
8/8/2022,14:48:27.085,1.01984,150
8/8/2022,14:48:28.143,1.01986,200
8/8/2022,14:48:30.260,1.01982,200
8/8/2022,14:48:31.318,1.01984,50
8/8/2022,14:48:32.375,1.01984,199
8/8/2022,14:48:33.434,1.01986,200
8/8/2022,14:48:34.491,1.01984,200
8/8/2022,14:48:35.549,1.01984,150
8/8/2022,14:48:41.898,1.01982,50
8/8/2022,14:48:44.014,1.01986,150
8/8/2022,14:48:45.072,1.01984,100
8/8/2022,14:48:47.187,1.01982,152
8/8/2022,14:48:48.245,1.01981,300
8/8/2022,14:48:51.421,1.01982,100
8/8/2022,14:48:52.479,1.01981,150
8/8/2022,14:48:55.654,1.01982,152
8/8/2022,14:48:56.712,1.01981,250
8/8/2022,14:48:59.886,1.01984,150
8/8/2022,14:49:00.942,1.01982,202
8/8/2022,14:49:01.999,1.01984,50
8/8/2022,14:49:04.112,1.01983,100
8/8/2022,14:49:05.168,1.01983,200
8/8/2022,14:49:06.225,1.01988,150
8/8/2022,14:49:07.283,1.01987,200
8/8/2022,14:49:08.340,1.01991,50
8/8/2022,14:49:09.396,1.01987,152
8/8/2022,14:49:10.453,1.01989,50
8/8/2022,14:49:11.509,1.01987,152
8/8/2022,14:49:13.620,1.01984,100
8/8/2022,14:49:14.677,1.01984,149
8/8/2022,14:49:15.733,1.01984,150
8/8/2022,14:49:16.791,1.01984,250
8/8/2022,14:49:17.849,1.01983,100
8/8/2022,14:49:19.965,1.01987,50
8/8/2022,14:49:21.022,1.01986,150
8/8/2022,14:49:22.079,1.01987,50
8/8/2022,14:49:25.249,1.01987,150
8/8/2022,14:49:26.306,1.01989,100
8/8/2022,14:49:29.478,1.01989,50
8/8/2022,14:49:30.534,1.01986,300
8/8/2022,14:49:31.592,1.01989,100
8/8/2022,14:49:32.650,1.01987,250
8/8/2022,14:49:33.706,1.01989,100
8/8/2022,14:49:34.762,1.01991,100
8/8/2022,14:49:35.819,1.01986,100
8/8/2022,14:49:49.580,1.01986,150
8/8/2022,14:49:50.639,1.01987,200
8/8/2022,14:49:51.698,1.01986,350
8/8/2022,14:49:54.873,1.01986,250
8/8/2022,14:49:59.108,1.01986,100
8/8/2022,14:50:03.341,1.01986,200
8/8/2022,14:50:04.400,1.01986,100
8/8/2022,14:50:06.514,1.01984,200
8/8/2022,14:50:07.572,1.01986,200
8/8/2022,14:50:10.748,1.01986,100
8/8/2022,14:50:14.983,1.01986,50
8/8/2022,14:50:35.094,1.01987,150
8/8/2022,14:50:36.153,1.01986,150
8/8/2022,14:50:38.270,1.01986,50
8/8/2022,14:50:39.329,1.01986,150
8/8/2022,14:50:41.123,1.01986,149
8/8/2022,14:50:41.446,1.01986,150
8/8/2022,14:50:43.563,1.01986,50
8/8/2022,14:50:48.857,1.01986,49
8/8/2022,14:50:49.915,1.01986,300
8/8/2022,14:50:52.444,1.01986,299
8/8/2022,14:50:53.091,1.01986,300
8/8/2022,14:50:55.207,1.01986,50
8/8/2022,14:50:56.266,1.01986,150
8/8/2022,14:50:57.324,1.01989,100
8/8/2022,14:50:58.382,1.01986,50
8/8/2022,14:51:00.500,1.01986,150
8/8/2022,14:51:05.793,1.01986,50
8/8/2022,14:51:07.907,1.01986,202
8/8/2022,14:51:12.139,1.01988,150
8/8/2022,14:51:13.196,1.01986,202
8/8/2022,14:51:24.836,1.01986,177
8/8/2022,14:51:25.893,1.01986,150
8/8/2022,14:51:31.179,1.01985,50
8/8/2022,14:51:33.292,1.01986,50
8/8/2022,14:51:34.348,1.01981,50
8/8/2022,14:51:35.405,1.01981,150
8/8/2022,14:51:42.802,1.01976,300
8/8/2022,14:51:44.551,1.01976,299
8/8/2022,14:51:44.915,1.01976,300
8/8/2022,14:51:45.972,1.01975,100
8/8/2022,14:51:47.698,1.01975,10
8/8/2022,14:51:48.085,1.01975,50
8/8/2022,14:51:50.198,1.01976,150
8/8/2022,14:51:53.367,1.01976,50
8/8/2022,14:51:56.537,1.01976,150
8/8/2022,14:51:57.428,1.01976,140
8/8/2022,14:51:57.594,1.01976,50
8/8/2022,14:51:58.651,1.01966,150
8/8/2022,14:52:00.766,1.01962,100
8/8/2022,14:52:01.823,1.01961,300
8/8/2022,14:52:03.936,1.01962,100
8/8/2022,14:52:06.051,1.01963,200
8/8/2022,14:52:06.928,1.01963,199
8/8/2022,14:52:07.107,1.01961,200
8/8/2022,14:52:08.164,1.01961,300
8/8/2022,14:52:10.276,1.01963,200
8/8/2022,14:52:11.332,1.01961,150
8/8/2022,14:52:12.388,1.01964,50
8/8/2022,14:52:13.444,1.01960,50
8/8/2022,14:52:14.503,1.01961,50
8/8/2022,14:52:15.562,1.01961,150
8/8/2022,14:52:18.734,1.01959,302
8/8/2022,14:52:19.790,1.01959,252
8/8/2022,14:52:20.847,1.01959,302
8/8/2022,14:52:22.960,1.01958,200
8/8/2022,14:52:27.194,1.01950,50
8/8/2022,14:52:28.254,1.01948,250
8/8/2022,14:52:29.309,1.01952,50
8/8/2022,14:52:30.366,1.01961,50
8/8/2022,14:52:31.422,1.01962,50
8/8/2022,14:52:32.477,1.01961,300
8/8/2022,14:52:33.533,1.01962,50
8/8/2022,14:52:34.590,1.01961,300
8/8/2022,14:52:36.705,1.01962,50
8/8/2022,14:52:37.763,1.01961,300
8/8/2022,14:52:39.880,1.01957,331
8/8/2022,14:52:40.936,1.01956,183
8/8/2022,14:52:41.993,1.01954,231
8/8/2022,14:52:44.109,1.01954,250
8/8/2022,14:52:46.223,1.01952,250
8/8/2022,14:52:48.338,1.01952,150
8/8/2022,14:52:50.455,1.01952,300
8/8/2022,14:52:51.512,1.01952,50
8/8/2022,14:52:52.570,1.01957,50
8/8/2022,14:52:55.740,1.01956,50
8/8/2022,14:52:56.797,1.01956,250
8/8/2022,14:52:58.909,1.01946,300
8/8/2022,14:53:05.253,1.01947,150
8/8/2022,14:53:07.366,1.01948,150
8/8/2022,14:53:11.593,1.01946,350
8/8/2022,14:53:12.650,1.01947,150
8/8/2022,14:53:17.932,1.01949,150
8/8/2022,14:53:20.045,1.01947,50
8/8/2022,14:53:21.103,1.01947,150
8/8/2022,14:53:23.219,1.01961,150
8/8/2022,14:53:24.276,1.01962,250
8/8/2022,14:53:26.390,1.01962,300
8/8/2022,14:53:28.504,1.01966,50
8/8/2022,14:53:30.619,1.01973,50
8/8/2022,14:53:31.677,1.01972,100
8/8/2022,14:53:32.736,1.01972,150
8/8/2022,14:53:33.794,1.01972,100
8/8/2022,14:53:34.853,1.01976,50
8/8/2022,14:53:45.435,1.01972,200
8/8/2022,14:53:49.670,1.01970,300
8/8/2022,14:53:50.730,1.01971,100
8/8/2022,14:53:53.906,1.01971,250
8/8/2022,14:53:54.964,1.01972,100
8/8/2022,14:53:57.081,1.01972,150
8/8/2022,14:53:58.137,1.01972,100
8/8/2022,14:53:59.193,1.01971,250
8/8/2022,14:54:00.249,1.01971,150
8/8/2022,14:54:01.306,1.01967,150
8/8/2022,14:54:08.702,1.01967,200
8/8/2022,14:54:09.759,1.01969,50
8/8/2022,14:54:10.816,1.01967,150
8/8/2022,14:54:11.872,1.01967,50
8/8/2022,14:54:12.928,1.01967,150
8/8/2022,14:54:16.098,1.01971,150
8/8/2022,14:54:17.155,1.01972,250
8/8/2022,14:54:18.211,1.01973,50
8/8/2022,14:54:20.325,1.01972,250
8/8/2022,14:54:21.381,1.01973,50
8/8/2022,14:54:23.493,1.01972,250
8/8/2022,14:54:25.605,1.01972,100
8/8/2022,14:54:26.662,1.01973,100
8/8/2022,14:54:27.718,1.01974,50
8/8/2022,14:54:28.775,1.01976,50
8/8/2022,14:54:31.948,1.01975,250
8/8/2022,14:54:33.005,1.01981,150
8/8/2022,14:54:46.759,1.01977,300
8/8/2022,14:54:48.876,1.01981,250
8/8/2022,14:55:04.733,1.01982,100
8/8/2022,14:55:05.789,1.01981,200
8/8/2022,14:55:06.845,1.01982,100
8/8/2022,14:55:12.128,1.01983,250
8/8/2022,14:55:13.185,1.01982,250
8/8/2022,14:55:15.300,1.01982,200
8/8/2022,14:55:17.413,1.01982,250
8/8/2022,14:55:22.695,1.01981,250
8/8/2022,14:55:32.205,1.01979,252
8/8/2022,14:55:34.317,1.01982,200
8/8/2022,14:55:35.374,1.01982,300
8/8/2022,14:55:36.431,1.01987,100
8/8/2022,14:55:37.489,1.01984,252
8/8/2022,14:55:38.548,1.01982,200
8/8/2022,14:55:39.607,1.01981,200
8/8/2022,14:55:40.665,1.01981,250
8/8/2022,14:55:41.724,1.01982,200
8/8/2022,14:55:54.433,1.01982,100
8/8/2022,14:55:55.492,1.01982,200
8/8/2022,14:55:56.551,1.01982,100
8/8/2022,14:55:57.608,1.01977,250
8/8/2022,14:55:58.667,1.01977,150
8/8/2022,14:56:00.783,1.01972,70
8/8/2022,14:56:01.840,1.01971,120
8/8/2022,14:56:03.955,1.01971,150
8/8/2022,14:56:05.012,1.01972,100
8/8/2022,14:56:09.245,1.01971,150
8/8/2022,14:56:10.304,1.01970,250
8/8/2022,14:56:11.363,1.01969,252
8/8/2022,14:56:12.421,1.01967,150
8/8/2022,14:56:19.825,1.01972,150
8/8/2022,14:56:20.884,1.01976,300
8/8/2022,14:56:29.348,1.01981,297
8/8/2022,14:56:30.405,1.01987,100
8/8/2022,14:56:31.464,1.01987,150
8/8/2022,14:56:32.521,1.01987,200
8/8/2022,14:56:35.694,1.01987,150
8/8/2022,14:56:40.981,1.01986,200
8/8/2022,14:56:42.040,1.01982,100
8/8/2022,14:56:43.098,1.01982,200
8/8/2022,14:56:44.157,1.01983,250
8/8/2022,14:56:45.216,1.01982,150
8/8/2022,14:56:47.334,1.01983,150
8/8/2022,14:56:48.393,1.01983,200
8/8/2022,14:56:49.452,1.01982,150
8/8/2022,14:56:50.511,1.01983,200
8/8/2022,14:56:51.570,1.01982,150
8/8/2022,14:56:52.629,1.01983,150
8/8/2022,14:56:53.688,1.01978,150
8/8/2022,14:56:54.746,1.01977,150
8/8/2022,14:56:55.804,1.01973,150
8/8/2022,14:56:57.921,1.01973,50
8/8/2022,14:56:58.980,1.01973,150
8/8/2022,14:57:01.098,1.01977,250
8/8/2022,14:57:02.157,1.01979,150
8/8/2022,14:57:03.216,1.01981,50
8/8/2022,14:57:04.275,1.01981,250
8/8/2022,14:57:06.388,1.01978,100
8/8/2022,14:57:06.931,1.01978,99
8/8/2022,14:57:07.397,1.01978,79
8/8/2022,14:57:07.445,1.01978,100
8/8/2022,14:57:09.560,1.01978,200
8/8/2022,14:57:13.791,1.01988,50
8/8/2022,14:57:14.850,1.01987,100
8/8/2022,14:57:15.909,1.01986,50
8/8/2022,14:57:19.079,1.01991,100
8/8/2022,14:57:20.137,1.01986,252
8/8/2022,14:57:26.485,1.01987,200
8/8/2022,14:57:26.599,1.01987,197
8/8/2022,14:57:27.544,1.01987,200
8/8/2022,14:57:29.660,1.01991,100
8/8/2022,14:57:30.719,1.01989,100
8/8/2022,14:57:33.891,1.01987,150
8/8/2022,14:57:34.949,1.01986,200
8/8/2022,14:57:39.181,1.01985,150
8/8/2022,14:57:40.239,1.01984,350
8/8/2022,14:57:42.354,1.01982,200
8/8/2022,14:57:43.413,1.01978,150
8/8/2022,14:57:44.471,1.01977,300
8/8/2022,14:57:50.820,1.01978,100
8/8/2022,14:57:51.877,1.01976,200
8/8/2022,14:57:52.576,1.01976,170
8/8/2022,14:57:52.934,1.01976,200
8/8/2022,14:57:55.049,1.01976,300
8/8/2022,14:57:58.222,1.01977,100
8/8/2022,14:58:02.453,1.01978,100
8/8/2022,14:58:03.510,1.01984,250
8/8/2022,14:58:05.625,1.01984,150
8/8/2022,14:58:07.740,1.01982,250
8/8/2022,14:58:08.797,1.01981,250
8/8/2022,14:58:14.085,1.01982,100
8/8/2022,14:58:20.435,1.01982,200
8/8/2022,14:58:21.494,1.01982,100
8/8/2022,14:58:22.552,1.01981,50
8/8/2022,14:58:23.610,1.01981,49
8/8/2022,14:58:24.669,1.01981,249
8/8/2022,14:58:27.846,1.01982,100
8/8/2022,14:58:28.376,1.01982,99
8/8/2022,14:58:28.905,1.01982,100
8/8/2022,14:58:35.255,1.01987,150
8/8/2022,14:58:36.314,1.01986,50
8/8/2022,14:58:37.372,1.01985,150
8/8/2022,14:58:43.715,1.01984,200
8/8/2022,14:58:44.772,1.01987,150
8/8/2022,14:58:51.121,1.01987,200
8/8/2022,14:58:52.178,1.01987,150
8/8/2022,14:58:54.295,1.01985,200
8/8/2022,14:58:55.354,1.01985,150
8/8/2022,14:58:58.528,1.01987,145
8/8/2022,14:58:59.586,1.01984,100
8/8/2022,14:59:00.644,1.01984,300
8/8/2022,14:59:04.878,1.01987,150
8/8/2022,14:59:09.109,1.01986,150
8/8/2022,14:59:10.168,1.01989,200
8/8/2022,14:59:11.225,1.01989,150
8/8/2022,14:59:12.283,1.01990,150
8/8/2022,14:59:13.339,1.01989,250
8/8/2022,14:59:14.395,1.01989,150
8/8/2022,14:59:15.451,1.01983,250
8/8/2022,14:59:16.510,1.01975,350
8/8/2022,14:59:17.567,1.01974,100
8/8/2022,14:59:17.570,1.01974,99
8/8/2022,14:59:18.625,1.01974,300
8/8/2022,14:59:19.683,1.01974,250
8/8/2022,14:59:21.800,1.01974,200
8/8/2022,14:59:22.858,1.01976,150
8/8/2022,14:59:23.917,1.01969,50
8/8/2022,14:59:24.975,1.01968,100
8/8/2022,14:59:26.034,1.01971,250
8/8/2022,14:59:27.092,1.01972,100
8/8/2022,14:59:29.205,1.01973,200
8/8/2022,14:59:37.069,1.01973,199
8/8/2022,14:59:37.658,1.01973,200
8/8/2022,14:59:38.714,1.01977,100
8/8/2022,14:59:46.111,1.01982,100
8/8/2022,14:59:47.170,1.01982,150
8/8/2022,14:59:48.229,1.01986,150
8/8/2022,14:59:51.405,1.01987,250
8/8/2022,14:59:52.464,1.01984,250
8/8/2022,14:59:53.521,1.01984,150
8/8/2022,14:59:55.636,1.01982,300
8/8/2022,14:59:56.693,1.01983,50
8/8/2022,14:59:57.750,1.01982,200
8/8/2022,14:59:58.807,1.01983,150
8/8/2022,14:59:59.865,1.01985,150
8/8/2022,15:00:00.923,1.01988,200
8/8/2022,15:00:01.980,1.01991,150
8/8/2022,15:00:03.036,1.01989,150
8/8/2022,15:00:07.268,1.01987,150
8/8/2022,15:00:08.327,1.01988,150
8/8/2022,15:00:10.444,1.01987,150
8/8/2022,15:00:11.503,1.01988,150
8/8/2022,15:00:12.561,1.01992,200
8/8/2022,15:00:13.620,1.01997,150
8/8/2022,15:00:16.796,1.01995,150
8/8/2022,15:00:19.972,1.01996,200
8/8/2022,15:00:21.031,1.01999,50
8/8/2022,15:00:22.088,1.01997,150
8/8/2022,15:00:28.439,1.01994,150
8/8/2022,15:00:29.496,1.01996,50
8/8/2022,15:00:30.555,1.01996,100
8/8/2022,15:00:32.670,1.01995,300
8/8/2022,15:00:33.727,1.01996,100
8/8/2022,15:00:34.784,1.02003,150
8/8/2022,15:00:36.899,1.02001,200
8/8/2022,15:00:37.957,1.02001,150
8/8/2022,15:00:39.015,1.02000,150
8/8/2022,15:00:40.073,1.02001,200
8/8/2022,15:00:41.132,1.02006,300
8/8/2022,15:00:42.189,1.02005,100
8/8/2022,15:00:43.246,1.02006,100
8/8/2022,15:00:44.303,1.02006,200
8/8/2022,15:00:46.420,1.02004,150
8/8/2022,15:00:48.538,1.02002,200
8/8/2022,15:00:49.598,1.01994,200
8/8/2022,15:00:50.655,1.01994,150
8/8/2022,15:00:53.826,1.01994,200
8/8/2022,15:00:54.883,1.01994,150
8/8/2022,15:00:58.055,1.01994,200
8/8/2022,15:00:59.112,1.01995,150
8/8/2022,15:01:00.170,1.01994,150
8/8/2022,15:01:01.227,1.01993,150
8/8/2022,15:01:02.285,1.01991,300
8/8/2022,15:01:04.402,1.01990,100
8/8/2022,15:01:05.460,1.01986,150
8/8/2022,15:01:06.519,1.01988,150
8/8/2022,15:01:07.577,1.01988,200
8/8/2022,15:01:08.636,1.01989,50
8/8/2022,15:01:09.694,1.01989,200
8/8/2022,15:01:10.752,1.01989,150
8/8/2022,15:01:12.865,1.01986,316
8/8/2022,15:01:13.923,1.01987,116
8/8/2022,15:01:14.982,1.01988,216
8/8/2022,15:01:16.040,1.01987,150
8/8/2022,15:01:19.216,1.01982,150
8/8/2022,15:01:20.274,1.01972,250
8/8/2022,15:01:20.277,1.01972,249
8/8/2022,15:01:21.332,1.01973,150
8/8/2022,15:01:25.565,1.01970,200
8/8/2022,15:01:26.623,1.01971,150
8/8/2022,15:01:27.682,1.01972,150
8/8/2022,15:01:28.740,1.01975,150
8/8/2022,15:01:30.857,1.01976,100
8/8/2022,15:01:31.914,1.01975,200
8/8/2022,15:01:32.972,1.01975,150
8/8/2022,15:01:34.030,1.01975,200
8/8/2022,15:01:37.204,1.01975,150
8/8/2022,15:01:38.262,1.01977,100
8/8/2022,15:01:39.321,1.01976,150
8/8/2022,15:01:40.380,1.01975,200
8/8/2022,15:01:42.497,1.01974,145
8/8/2022,15:01:45.674,1.01974,200
8/8/2022,15:01:46.733,1.01974,150
8/8/2022,15:01:47.791,1.01975,150
8/8/2022,15:01:49.907,1.01974,200
8/8/2022,15:01:50.965,1.01975,150
8/8/2022,15:01:52.024,1.01977,300
8/8/2022,15:01:53.082,1.01978,50
8/8/2022,15:01:54.140,1.01974,150
8/8/2022,15:01:58.371,1.01974,200
8/8/2022,15:01:59.428,1.01975,200
8/8/2022,15:02:00.484,1.01974,150
8/8/2022,15:02:01.541,1.01975,100
8/8/2022,15:02:02.598,1.01975,300
8/8/2022,15:02:03.656,1.01988,200
8/8/2022,15:02:04.714,1.01985,150
8/8/2022,15:02:05.772,1.01986,150
8/8/2022,15:02:07.889,1.01987,100
8/8/2022,15:02:07.925,1.01987,99
8/8/2022,15:02:08.946,1.01988,200
8/8/2022,15:02:10.003,1.01988,150
8/8/2022,15:02:13.174,1.01988,250
8/8/2022,15:02:14.231,1.01991,150
8/8/2022,15:02:15.289,1.01989,200
8/8/2022,15:02:16.347,1.01992,200
8/8/2022,15:02:17.404,1.01991,150
8/8/2022,15:02:18.461,1.01990,150
8/8/2022,15:02:20.576,1.01989,200
8/8/2022,15:02:26.923,1.01989,250
8/8/2022,15:02:27.980,1.01989,200
8/8/2022,15:02:29.036,1.01994,200
8/8/2022,15:02:30.094,1.02002,200
8/8/2022,15:02:31.150,1.01999,200
8/8/2022,15:02:32.209,1.01999,150
8/8/2022,15:02:34.323,1.01998,200
8/8/2022,15:02:35.381,1.01998,150
8/8/2022,15:02:36.438,1.02001,150
8/8/2022,15:02:37.495,1.01999,250
8/8/2022,15:02:38.553,1.02001,150
8/8/2022,15:02:39.611,1.02002,200
8/8/2022,15:02:43.844,1.01992,300
8/8/2022,15:02:44.903,1.01992,172
8/8/2022,15:02:47.019,1.01992,222
8/8/2022,15:02:48.078,1.01990,150
8/8/2022,15:02:50.196,1.01985,150
8/8/2022,15:02:51.255,1.01984,200
8/8/2022,15:02:52.314,1.01983,250
8/8/2022,15:02:53.373,1.01983,200
8/8/2022,15:02:55.490,1.01980,100
8/8/2022,15:02:56.549,1.01978,250
8/8/2022,15:02:57.608,1.01979,100
8/8/2022,15:03:02.899,1.01979,50
8/8/2022,15:03:03.956,1.01978,200
8/8/2022,15:03:05.015,1.01979,150
8/8/2022,15:03:06.073,1.01978,200
8/8/2022,15:03:08.189,1.01976,150
8/8/2022,15:03:08.192,1.01976,149
8/8/2022,15:03:09.247,1.01974,50
8/8/2022,15:03:10.304,1.01974,150
8/8/2022,15:03:11.362,1.01974,100
8/8/2022,15:03:13.477,1.01973,150
8/8/2022,15:03:14.533,1.01976,150
8/8/2022,15:03:16.645,1.01974,100
8/8/2022,15:03:17.704,1.01976,200
8/8/2022,15:03:18.759,1.01974,150
8/8/2022,15:03:19.814,1.01976,100
8/8/2022,15:03:20.871,1.01977,100
8/8/2022,15:03:21.927,1.01981,100
8/8/2022,15:03:22.983,1.01979,50
8/8/2022,15:03:24.040,1.01979,100
8/8/2022,15:03:25.097,1.01978,150
8/8/2022,15:03:26.153,1.01976,100
8/8/2022,15:03:27.210,1.01967,200
8/8/2022,15:03:28.267,1.01967,250
8/8/2022,15:03:29.323,1.01968,50
8/8/2022,15:03:30.380,1.01970,50
8/8/2022,15:03:33.550,1.01959,150
8/8/2022,15:03:34.606,1.01956,150
8/8/2022,15:03:35.662,1.01957,50
8/8/2022,15:03:36.719,1.01957,100
8/8/2022,15:03:37.775,1.01959,50
8/8/2022,15:03:38.831,1.01961,150
8/8/2022,15:03:43.059,1.01969,100
8/8/2022,15:03:44.116,1.01967,200
8/8/2022,15:03:45.172,1.01967,50
8/8/2022,15:03:47.283,1.01963,150
8/8/2022,15:03:49.395,1.01964,50
8/8/2022,15:03:50.451,1.01964,100
8/8/2022,15:03:51.509,1.01963,150
8/8/2022,15:03:53.625,1.01961,100
8/8/2022,15:03:54.682,1.01956,200
8/8/2022,15:03:54.984,1.01956,199
8/8/2022,15:03:55.741,1.01956,150
8/8/2022,15:03:58.915,1.01952,150
8/8/2022,15:03:59.972,1.01953,150
8/8/2022,15:04:01.031,1.01956,100
8/8/2022,15:04:02.088,1.01954,150
8/8/2022,15:04:03.146,1.01953,150
8/8/2022,15:04:05.263,1.01952,50
8/8/2022,15:04:06.321,1.01953,250
8/8/2022,15:04:07.379,1.01953,200
8/8/2022,15:04:08.435,1.01957,350
8/8/2022,15:04:09.493,1.01958,150
8/8/2022,15:04:10.552,1.01958,50
8/8/2022,15:04:11.608,1.01955,200
8/8/2022,15:04:12.666,1.01955,250
8/8/2022,15:04:14.783,1.01955,200
8/8/2022,15:04:15.841,1.01955,250
8/8/2022,15:04:16.899,1.01955,200
8/8/2022,15:04:17.958,1.01956,150
8/8/2022,15:04:19.016,1.01957,50
8/8/2022,15:04:20.074,1.01956,200
8/8/2022,15:04:21.133,1.01957,200
8/8/2022,15:04:25.357,1.01956,150
8/8/2022,15:04:27.474,1.01956,125
8/8/2022,15:04:29.588,1.01955,75
8/8/2022,15:04:30.645,1.01955,150
8/8/2022,15:04:32.760,1.01954,200
8/8/2022,15:04:33.818,1.01947,200
8/8/2022,15:04:34.877,1.01946,200
8/8/2022,15:04:35.936,1.01947,150
8/8/2022,15:04:39.111,1.01948,200
8/8/2022,15:04:40.170,1.01947,150
8/8/2022,15:04:44.400,1.01949,250
8/8/2022,15:04:45.458,1.01949,350
8/8/2022,15:04:46.515,1.01947,200
8/8/2022,15:04:47.572,1.01946,200
8/8/2022,15:04:48.631,1.01947,200
8/8/2022,15:04:49.687,1.01947,150
8/8/2022,15:04:50.745,1.01946,200
8/8/2022,15:04:54.977,1.01939,150
8/8/2022,15:04:56.035,1.01938,200
8/8/2022,15:04:58.148,1.01932,300
8/8/2022,15:04:59.206,1.01939,250
8/8/2022,15:05:00.263,1.01938,200
8/8/2022,15:05:00.502,1.01938,185
8/8/2022,15:05:01.320,1.01938,150
8/8/2022,15:05:02.378,1.01943,150
8/8/2022,15:05:03.435,1.01941,200
8/8/2022,15:05:04.493,1.01943,150
8/8/2022,15:05:05.551,1.01944,150
8/8/2022,15:05:06.607,1.01945,250
8/8/2022,15:05:07.664,1.01947,150
8/8/2022,15:05:09.780,1.01947,200
8/8/2022,15:05:10.718,1.01947,199
8/8/2022,15:05:10.836,1.01948,150
8/8/2022,15:05:11.893,1.01947,200
8/8/2022,15:05:14.007,1.01948,150
8/8/2022,15:05:15.065,1.01947,250
8/8/2022,15:05:18.241,1.01952,100
8/8/2022,15:05:19.300,1.01951,150
8/8/2022,15:05:20.359,1.01951,100
8/8/2022,15:05:21.418,1.01952,200
8/8/2022,15:05:22.476,1.01951,150
8/8/2022,15:05:23.534,1.01951,100
8/8/2022,15:05:24.592,1.01950,150
8/8/2022,15:05:25.649,1.01947,200
8/8/2022,15:05:26.705,1.01944,200
8/8/2022,15:05:28.822,1.01943,150
8/8/2022,15:05:29.881,1.01944,150
8/8/2022,15:05:31.998,1.01941,150
8/8/2022,15:05:32.001,1.01941,149
8/8/2022,15:05:33.057,1.01940,200
8/8/2022,15:05:36.232,1.01941,150
8/8/2022,15:05:39.406,1.01941,200
8/8/2022,15:05:40.463,1.01942,150
8/8/2022,15:05:43.635,1.01945,100
8/8/2022,15:05:45.749,1.01945,200
8/8/2022,15:05:49.978,1.01943,250
8/8/2022,15:05:51.036,1.01943,150
8/8/2022,15:05:56.324,1.01942,150
8/8/2022,15:05:57.383,1.01941,200
8/8/2022,15:05:59.499,1.01942,200
8/8/2022,15:06:01.615,1.01941,150
8/8/2022,15:06:02.673,1.01942,200
8/8/2022,15:06:05.847,1.01942,150
8/8/2022,15:06:06.905,1.01940,200
8/8/2022,15:06:07.964,1.01939,150
8/8/2022,15:06:10.082,1.01937,100
8/8/2022,15:06:11.140,1.01937,150
8/8/2022,15:06:17.491,1.01934,100
8/8/2022,15:06:18.548,1.01924,100
8/8/2022,15:06:19.606,1.01925,100
8/8/2022,15:06:21.723,1.01924,200
8/8/2022,15:06:22.781,1.01924,150
8/8/2022,15:06:24.898,1.01918,150
8/8/2022,15:06:25.956,1.01917,250
8/8/2022,15:06:29.131,1.01919,150
8/8/2022,15:06:31.247,1.01913,150
8/8/2022,15:06:34.419,1.01913,200
8/8/2022,15:06:38.652,1.01914,150
8/8/2022,15:06:40.768,1.01913,50
8/8/2022,15:06:41.825,1.01911,150
8/8/2022,15:06:43.939,1.01909,150
8/8/2022,15:06:44.995,1.01912,200
8/8/2022,15:06:47.109,1.01919,150
8/8/2022,15:06:49.224,1.01919,200
8/8/2022,15:06:51.338,1.01927,100
8/8/2022,15:06:52.394,1.01927,150
8/8/2022,15:06:53.451,1.01926,200
8/8/2022,15:06:55.566,1.01927,150
8/8/2022,15:06:57.683,1.01928,50
8/8/2022,15:06:58.741,1.01930,50
8/8/2022,15:07:04.025,1.01932,50
8/8/2022,15:07:05.082,1.01931,25
8/8/2022,15:07:07.198,1.01928,150
8/8/2022,15:07:07.221,1.01928,149
8/8/2022,15:07:08.255,1.01930,50
8/8/2022,15:07:11.425,1.01931,50
8/8/2022,15:07:12.482,1.01932,50
8/8/2022,15:07:14.598,1.01928,125
8/8/2022,15:07:15.655,1.01925,125
8/8/2022,15:07:16.711,1.01927,125
8/8/2022,15:07:17.769,1.01927,175
8/8/2022,15:07:18.828,1.01928,150
8/8/2022,15:07:20.942,1.01929,350
8/8/2022,15:07:21.999,1.01929,150
8/8/2022,15:07:23.057,1.01929,200
8/8/2022,15:07:25.174,1.01930,150
8/8/2022,15:07:26.231,1.01929,150
8/8/2022,15:07:27.290,1.01927,100
8/8/2022,15:07:28.346,1.01926,150
8/8/2022,15:07:30.463,1.01925,200
8/8/2022,15:07:31.521,1.01925,350
8/8/2022,15:07:33.639,1.01925,300
8/8/2022,15:07:35.756,1.01929,200
8/8/2022,15:07:38.931,1.01931,150
8/8/2022,15:07:39.988,1.01932,200
8/8/2022,15:07:41.047,1.01930,250
8/8/2022,15:07:42.106,1.01930,300
8/8/2022,15:07:43.164,1.01937,50
8/8/2022,15:07:44.222,1.01937,200
8/8/2022,15:07:48.454,1.01944,200
8/8/2022,15:07:49.512,1.01943,200
8/8/2022,15:07:50.569,1.01944,150
8/8/2022,15:07:51.373,1.01944,149
8/8/2022,15:07:51.626,1.01945,150
8/8/2022,15:07:52.683,1.01944,150
8/8/2022,15:07:54.797,1.01947,100
8/8/2022,15:07:57.970,1.01946,150
8/8/2022,15:08:00.085,1.01944,150
8/8/2022,15:08:02.199,1.01947,130
8/8/2022,15:08:03.256,1.01943,2
8/8/2022,15:08:04.315,1.01943,130
8/8/2022,15:08:05.374,1.01943,100
8/8/2022,15:08:06.432,1.01945,150
8/8/2022,15:08:07.491,1.01947,100
8/8/2022,15:08:11.727,1.01947,200
8/8/2022,15:08:18.080,1.01944,150
8/8/2022,15:08:20.197,1.01944,200
8/8/2022,15:08:21.255,1.01944,150
8/8/2022,15:08:25.490,1.01943,200
8/8/2022,15:08:26.548,1.01944,150
8/8/2022,15:08:27.606,1.01942,150
8/8/2022,15:08:29.722,1.01929,200
8/8/2022,15:08:30.779,1.01924,200
8/8/2022,15:08:32.895,1.01925,150
8/8/2022,15:08:36.067,1.01924,200
8/8/2022,15:08:39.237,1.01923,150
8/8/2022,15:08:40.294,1.01924,200
8/8/2022,15:08:41.351,1.01928,150
8/8/2022,15:08:42.409,1.01928,200
8/8/2022,15:08:44.522,1.01927,350
8/8/2022,15:08:45.580,1.01928,150
8/8/2022,15:08:52.979,1.01927,200
8/8/2022,15:08:54.036,1.01927,150
8/8/2022,15:08:56.151,1.01923,153
8/8/2022,15:08:57.209,1.01923,150
8/8/2022,15:08:59.323,1.01922,50
8/8/2022,15:09:00.381,1.01921,200
8/8/2022,15:09:01.438,1.01922,150
8/8/2022,15:09:02.497,1.01926,200
8/8/2022,15:09:03.555,1.01926,150
8/8/2022,15:09:09.905,1.01925,150
8/8/2022,15:09:10.962,1.01923,150
8/8/2022,15:09:12.020,1.01922,200
8/8/2022,15:09:15.192,1.01925,150
8/8/2022,15:09:19.426,1.01924,150
8/8/2022,15:09:20.485,1.01925,150
8/8/2022,15:09:26.834,1.01922,100
8/8/2022,15:09:27.893,1.01922,150
8/8/2022,15:09:28.949,1.01929,11
8/8/2022,15:09:31.065,1.01930,50
8/8/2022,15:09:32.124,1.01939,50
8/8/2022,15:09:33.183,1.01937,50
8/8/2022,15:09:37.417,1.01938,50
8/8/2022,15:09:38.476,1.01940,50
8/8/2022,15:09:39.534,1.01940,100
8/8/2022,15:09:42.704,1.01941,50
8/8/2022,15:09:45.878,1.01940,50
8/8/2022,15:09:49.336,1.01940,49
8/8/2022,15:09:50.105,1.01944,150
8/8/2022,15:09:56.449,1.01943,50
8/8/2022,15:09:57.507,1.01939,166
8/8/2022,15:09:59.621,1.01939,116
8/8/2022,15:10:00.677,1.01939,150
8/8/2022,15:10:03.854,1.01935,200
8/8/2022,15:10:07.026,1.01934,150
8/8/2022,15:10:09.142,1.01934,200
8/8/2022,15:10:10.198,1.01930,151
8/8/2022,15:10:11.255,1.01931,50
8/8/2022,15:10:12.312,1.01933,100
8/8/2022,15:10:13.367,1.01932,300
8/8/2022,15:10:14.424,1.01930,100
8/8/2022,15:10:15.482,1.01929,300
8/8/2022,15:10:16.540,1.01930,100
8/8/2022,15:10:17.596,1.01930,150
8/8/2022,15:10:19.711,1.01929,150
8/8/2022,15:10:24.997,1.01924,7
8/8/2022,15:10:26.053,1.01927,150
8/8/2022,15:10:27.111,1.01925,99
8/8/2022,15:10:30.283,1.01924,150
8/8/2022,15:10:31.339,1.01924,100
8/8/2022,15:10:32.396,1.01924,150
8/8/2022,15:10:33.454,1.01925,50
8/8/2022,15:10:37.687,1.01927,250
8/8/2022,15:10:38.744,1.01929,100
8/8/2022,15:10:40.858,1.01926,201
8/8/2022,15:10:41.915,1.01926,200
8/8/2022,15:10:43.689,1.01926,190
8/8/2022,15:10:44.027,1.01926,100
8/8/2022,15:10:44.241,1.01926,90
8/8/2022,15:10:44.796,1.01926,80
8/8/2022,15:10:45.084,1.01924,100
8/8/2022,15:10:45.423,1.01924,90
8/8/2022,15:10:46.140,1.01924,100
8/8/2022,15:10:49.309,1.01926,50
8/8/2022,15:10:53.535,1.01927,50
8/8/2022,15:10:55.647,1.01927,150
8/8/2022,15:10:56.703,1.01933,200
8/8/2022,15:10:57.760,1.01932,100
8/8/2022,15:10:59.877,1.01931,100
8/8/2022,15:11:05.167,1.01943,100
8/8/2022,15:11:06.225,1.01943,200
8/8/2022,15:11:08.341,1.01945,50
8/8/2022,15:11:11.512,1.01947,50
8/8/2022,15:11:12.569,1.01948,50
8/8/2022,15:11:13.625,1.01947,50
8/8/2022,15:11:15.740,1.01948,50
8/8/2022,15:11:21.024,1.01948,100
8/8/2022,15:11:24.200,1.01947,150
8/8/2022,15:11:27.376,1.01947,200
8/8/2022,15:11:29.491,1.01948,100
8/8/2022,15:11:30.550,1.01947,251
8/8/2022,15:11:31.607,1.01947,201
8/8/2022,15:11:34.778,1.01947,151
8/8/2022,15:11:35.835,1.01947,201
8/8/2022,15:11:42.180,1.01946,150
8/8/2022,15:11:49.584,1.01941,4
8/8/2022,15:11:50.641,1.01937,250
8/8/2022,15:11:52.758,1.01944,200
8/8/2022,15:11:53.816,1.01944,100
8/8/2022,15:11:54.875,1.01942,50
8/8/2022,15:11:55.933,1.01939,4
8/8/2022,15:11:56.991,1.01939,104
